3524 5424
298 421 465 474 HISTORIA
482 423 531 474 DE
548 422 785 482 amittimus
801 421 925 490 REGUM
936 425 1257 487 mouwaemmsmrr.
1354 434 1395 500 55

158 607 226 672 vita
246 600 447 688 privandum,
478 609 535 690 qui
566 607 669 675 nollet
700 612 774 692 paci
808 611 1023 700 acquiescere.
1070 606 1121 680 De
1147 603 1209 681 boo
1232 614 1397 683 dementia

159 711 333 778 discordiae
357 713 515 796 exclamat
535 713 705 794 Virgilius:

310 815 501 883 Iamdudum
520 821 701 886 temerasse
724 819 823 886 duces
845 819 900 901 pia
921 818 1054 886 foedera
1075 822 1176 902 pacis,

312 921 478 1000 Regnandi
502 922 636 988 miseros
659 924 764 988 tenuit
786 942 867 1006 quos
891 924 962 990 dira
984 923 1111 1006 cupido,

20 1025 22 1084 ἑ
113 1032 125 1078 1
312 1021 477 1090 Confiteor
499 1026 625 1107 scripsi,-
649 1029 731 1094 satis
755 1034 807 1095 est
829 1027 1015 1120 meminisse
1038 1027 1209 1096 malorum!

242 1127 294 1192 De
317 1128 433 1193 eodem
456 1129 553 1196 etiam
576 1131 740 1198 Lucanus:

197 1257 201 1264 ·
241 1321 244 1324 Ι
310 1231 461 1298 Imminet
483 1253 643 1302 armorum
666 1237 792 1303 rabies:
814 1236 957 1318 ferrique
978 1241 1126 1320 potestas
1190 1251 1195 1260 ·

280 1353 285 1364 ·
311 1335 493 1404 Confundet
510 1339 564 1420 jus
587 1356 682 1404 omne
705 1359 802 1414 manu
825 1342 1007 1424 scelerique
1029 1341 1171 1408 nefando

309 1442 437 1508 Nomen
459 1444 521 1508 erit
541 1443 643 1510 virtus
667 1445 852 1526 multosque
875 1446 976 1512 exibit
998 1447 1030 1511 in
1052 1463 1155 1513 annos

98 1551 126 1596 10
310 1547 371 1612 Hic
393 1545 490 1612 furor.
750 1605 753 1615 .
783 1555 786 1560 “
989 1573 991 1577 ·
1284 1600 1286 1608 ,

20 1725 22 1770 μ
243 1650 434 1734 Composita
464 1653 576 1734 itaque
608 1653 803 1746 paceinter
832 1654 1026 1722 avunculum
1059 1661 1094 1724 et
1120 1661 1274 1738 nepotem
1303 1659 1395 1742 Mag·

20 1775 22 1856 ,
157 1774 218 1821 nus
241 1775 298 1822 rex
330 1755 494 1836 navigavit
525 1757 557 1821 in
586 1755 719 1824 Daciam
753 1762 788 1823 et
815 1758 939 1840 mpnlu
968 1761 1008 1826 ab
1038 1779 1078 1828 ea
1105 1762 1311 1842 Sucinouem
1340 1763 1395 1843 qui

20 1861 22 1950 l
157 1879 229 1928 cam
251 1861 380 1934 interim
397 1861 467 1942 jam
489 1864 590 1926 totam
614 1861 677 1928 sibi
700 1862 944 1944 subjugaverat3
967 1870 1044 1946 post
1061 1866 1152 1948 cujus
1173 1865 1395 1948 expulsionem

21 1952 22 1980 ¹
155 1984 222 2031 uno
244 1971 371 2033 tantum
394 1982 477 2030 enno
501 1966 684 2049 supervixit.
730 1964 793 2043 Qui
813 1986 886 2036 cum
903 1969 1042 2036 sentiret
1059 1969 1143 2036 diem
1161 1970 1394 2038 mortisimmi-

21 2085 22 2088 ’
99 2088 125 2134 ra
158 2089 247 2154 nere,
269 2068 519 2146 misitfratrem¹
541 2088 634 2135 suum
656 2089 695 2136 ex
717 2075 831 2154 matre,
847 2073 954 2138 Tbore
977 2074 1117 2155 nomine,
1138 2074 1180 2140 ad
1197 2074 1394 2143 Sucinouem

102 2188 104 2192 ’
158 2181 191 2242 et
220 2174 462 2256 reconsignavit
489 2175 518 2240 ei
546 2193 681 2256 regnum
702 2177 822 2256 Daciae,
853 2176 930 2258 quia
952 2182 986 2242 et
1008 2178 1070 2260 ipsi
1088 2178 1162 2260 jure
1184 2177 1393 2246 heredetario

97 2331 100 2338 .
158 2281 348 2346 debebatur.
391 2279 460 2345 Iste
481 2279 616 2360 Magnus
638 2279 725 2346 filius
745 2280 835 2346 beati
853 2281 945 2346 Olavi
968 2283 1119 2366 martyris
1148 2283 1199 2348 vir
1219 2283 1283 2349 fnit
1301 2283 1395 2351 boni·

156 2389 226 2452 tate
250 2385 453 2466 conspicuus,
479 2385 614 2452 lenitate
636 2384 802 2468 preditus,
832 2385 865 2449 iu
887 2404 922 2450 re
945 2385 1079 2451 militari
1100 2391 1263 2469 strenuus,
1286 2389 1320 2453 in
1340 2407 1393 2455 re·

157 2508 228 2556 rum
257 2489 457 2572 publicarum
490 2487 769 2555 administratione
803 2489 883 2556 miro
914 2489 1055 2555 callebat
1076 2491 1215 2572 ingenio,
1243 2493 1331 2559 unde
1361 2498 1396 2560 et

24 2624 25 2628 ¹
97 2615 126 2660 ao
157 2597 189 2661 in
213 2593 499 2686 congressionibus
528 2612 619 2676 paene
645 2611 774 2675 semper
794 2593 898 2660 victor
918 2594 1041 2675 extitit3
1074 2611 1200 2661 morum
1233 2597 1395 2664 suavitate

159 2705 192 2766 et
222 2699 421 2766 liberalitate
455 2699 611 2782 subjectis
646 2695 794 2764 omnibus
814 2697 1018 2780 gratissimus
1051 2699 1122 2765 fnit.
1162 2699 1224 2766 llic
1255 2701 1394 2784 Magnus

158 2803 409 2888 regnavitannis
432 2792 592 2882 undecim,
616 2803 793 2886 exquibus
817 2804 959 2885 quinque
982 2803 1112 2885 utrique
1133 2820 1233 2885 regno
1254 2805 1393 2889 praefuit.

226 2943 234 2974 ¹
254 2943 307 2996 ΒΚ.
324 2951 420 3008 patrem
438 2939 466 3002 (i)
485 2944 518 2992 A.

243 3069 271 3124 2.
315 3040 474 3140 Virgilius]
491 3063 586 3134 ,Sunt
597 3075 705 3121 versus
718 3063 825 3122 Probe
836 3063 1000 3136 Falconiae,
1015 3083 1081 3140 quae
1093 3066 1138 3122 ita
1150 3056 1393 3138 orditur“(AK).

160 3171 307 3246 Prologen
329 3169 366 3226 til
388 3168 489 3227 Probe
510 3167 677 3226 Faltonia's
699 3169 1070 3244 virgiliocentonas
1092 3168 1180 3242 lyder
1200 3168 1329 3243 nemlig:

229 3308 232 3312 ›
282 3273 509 3332 Iamdudum
530 3276 745 3331 temerasse
770 3271 891 3343 duces
912 3274 976 3348 pia
998 3272 1166 3332 foedera
1185 3274 1310 3348 pacis

284 3377 675 3454 Regnandimiseros
697 3377 825 3435 tenuit
849 3396 943 3454 quos
968 3377 1052 3450 dira
1074 3377 1231 3454 cupido,
1331 3423 1334 3430 r

190 3547 193 3555 ,
283 3481 489 3560 Diversaeque
512 3500 603 3539 neces
626 3500 743 3555 regum,
767 3481 904 3541 crudelia
925 3481 1017 3552 bella,

284 3585 496 3662 Cognatasque
519 3588 612 3658 acies,
635 3585 771 3662 pollutos
795 3585 878 3644 cede
901 3590 1073 3662 parentum,

282 3691 418 3766 insignes
442 3690 566 3766 clypeos
591 3690 711 3766 diverso
733 3709 769 3750 ex
790 3691 880 3749 hoste
903 3694 1030 3767 tropaea,

284 3795 435 3870 Sanguine
459 3813 644 3870 conspersos
665 3793 780 3854 tulerat
802 3813 879 3872 quos
901 3795 982 3852 fama
1002 3793 1183 3868 triumphos,

282 3901 449 3959 innumeris
471 3900 566 3956 toties
589 3896 734 3958 viduatur
756 3899 872 3958 civibus
896 3897 999 3970 nrbes,

284 4003 498 4074 Confiteor,
524 4003 689 4078 scripsi:
713 4003 812 4062 satis
837 4006 898 4060 est
919 4003 1138 4060 meminisse
1160 4001 1352 4060 melorum.

242 4111 270 4167 6.
314 4099 471 4182 Lucanus]
495 4105 599 4166 Phora.
625 4107 647 4179 I,
672 4106 828 4164 bob-69.

241 4213 291 4272 14.
335 4232 395 4271 uno
425 4203 518 4286 anno]
553 4210 692 4270 saaledea
724 4189 836 4288 Agrip,
873 4210 1066 4288 Fagrslrinna
1098 4229 1137 4288 og
1170 4209 1293 4282 Suorre,
1325 4227 1395 4268 men

158 4316 392 4375 Morkinskinna
414 4311 467 4391 (og
487 4315 567 4374 Flet.
589 4308 645 4388 lli)
666 4314 723 4372 har
746 4317 763 4375 2
786 4317 857 4374 Aer.
984 4374 986 4382 ,

244 4422 291 4480 15.
335 4421 419 4479 misit
439 4410 579 4494 fratrem]
604 4419 657 4476 cfr.
680 4399 780 4496 Agrip
806 4421 859 4488 64:
893 4417 995 4492 Enni
1018 4422 1078 4496 sgtt
1102 4419 1182 4486 sinui
1205 4417 1292 4494 gerlai
1312 4418 1394 4476 hann

162 4505 232 4584 bari
263 4525 378 4600 bropor
410 4526 478 4582 sinn
512 4523 687 4598 sammabra
714 4523 750 4583 til
778 4523 885 4582 Sveins
908 4522 974 4582 Ulfs
999 4540 1093 4580 snnar
1120 4523 1187 4598 mel)
1208 4522 1287 4598 baim
1309 4513 1395 4584 hbui
1435 4579 1436 4584 ,
1533 4518 1535 4522 ’

162 4631 191 4684 at
220 4628 301 4686 hann
335 4629 419 4705 sagbi
451 4629 563 4689 honum
597 4628 657 4702 sigi
690 4628 795 4688 andlat
827 4628 914 4686 hans.
944 4625 1030 4701 ssgpi
1058 4626 1149 4698 heldr
1167 4647 1228 4704 ,sve
1255 4630 1297 4687 et.
1312 4627 1395 4702 menn

162 4731 242 4806 hospi
264 4733 375 4792 honum
398 4734 471 4806 gefit
492 4751 555 4809 npp
577 4732 652 4790 rikit
673 4750 701 4790 o.
725 4752 749 4790 s.
772 4752 799 4791 v.
825 4730 896 4818 Sml.
927 4749 1021 4805 ogsaa
1043 4731 1155 4790 Snorre
1179 4726 1283 4803 (Halm.
1308 4725 1393 4804 568).
1437 4711 1442 4718 ’
