3496 5424
365 403 425 490 'ils
713 425 810 480 scra
829 429 1047 482 sirenosum
1066 429 1104 480 m
1122 429 1233 482 sauro.

363 608 459 673 triam
482 607 668 690 relinquere
700 615 756 676 aut
789 610 834 675 ibi
865 609 1011 674 viventes
1038 608 1215 691 perniciter
1235 609 1295 674 sub
1318 609 1452 690 maligni
1474 611 1602 692 tyranni

364 712 505 777 dominio
528 730 728 792 permanere.
774 713 854 779 (lum
887 730 964 794 ergo
993 713 1084 776 multi
1109 713 1193 778 dono
1217 713 1269 778 dei
1291 715 1451 796 praeventi
1472 715 1612 780 famulae-

364 816 426 895 dei,
449 815 588 884 domine
611 833 689 896 sure,
712 823 778 883 tam
801 836 927 882 morum
949 818 1140 882 imitationis
1164 836 1258 898 quam
1284 819 1456 884 comitatus
1477 819 1602 883 itineris

364 919 521 1000 elegerint
541 921 688 1001 praebere
710 923 837 1003 solatia,
861 923 933 1004 ipsa
957 941 1028 986 cum
1052 922 1151 987 sociis
1174 940 1240 987 suae
1263 922 1482 988 tribulationis
1506 941 1602 1003 quarn

363 1024 510 1105 pluribus
533 1025 620 1103 viris,
651 1026 896 1096 mulieribusct
917 1026 1060 1108 parvulis
1082 1027 1190 1091 vitans
1221 1026 1315 1107 hujus
1338 1027 1449 1092 saeculi
1473 1026 1603 1106 fluctus,

363 1127 518 1195 ductuum
547 1130 647 1195 maris
680 1148 717 1195 se
752 1132 956 1196 committens
985 1129 1173 1208 discrimini,
1208 1148 1280 1195 cum
1314 1132 1418 1196 tribus
1448 1131 1605 1196 naviculis

363 1252 476 1298 versus
500 1238 611 1314 partes
635 1234 843 1316 aquilonares
865 1236 1002 1300 tendens
1024 1236 1109 1300 inter
1138 1234 1240 1298 undas
1264 1236 1328 1299 iter
1349 1236 1495 1317 arripuit.
1539 1237 1604 1300 Vo-

364 1336 480 1402 luntati
515 1336 632 1402 divinae
666 1357 701 1404 se
735 1355 859 1421 suaque
894 1339 1099 1403 committens
1134 1339 1203 1402 sine
1232 1340 1330 1404 remis
1361 1345 1394 1404 et
1417 1341 1488 1404 aliis
1511 1341 1604 1406 navis

363 1441 560 1509 utensilibus
590 1460 677 1518 mare
704 1443 800 1509 simul
834 1449 867 1508 et
900 1442 1028 1507 exilium
1052 1441 1254 1507 confidenter
1272 1445 1461 1524 ingreditur.
1507 1445 1605 1510 Cete-

363 1565 433 1610 rum
457 1539 615 1612 mirabilis
640 1547 721 1612 deus
744 1548 778 1612 in
801 1547 875 1612 altis
900 1545 1059 1627 dominus,
1084 1547 1135 1611 cui
1155 1549 1243 1612 venti
1268 1553 1300 1640 et
1324 1567 1411 1614 mare
1434 1546 1604 1630 obediunt,

364 1651 397 1715 in
432 1669 468 1716 sc
500 1649 701 1717 confidentes
731 1649 771 1716 ab
802 1652 889 1716 inani
917 1652 1061 1733 periculo
1085 1657 1118 1717 et
1140 1672 1160 1716 a
1183 1651 1384 1718 mirabilibus
1409 1653 1605 1718 elationibus

364 1755 462 1825 uraris
484 1753 605 1844 illaesos
629 1761 662 1822 ct
684 1756 863 1848 incolumes
885 1757 1073 1825 reservavit
1098 1831 1101 1842 .
1131 1833 1133 1840 y

448 1885 490 1926 1v.
534 1859 674 1926 Tandem
700 1880 771 1926 cum
792 1867 868 1950 post
882 1853 1047 1926 transacta
1062 1859 1159 1940 longa
1176 1861 1273 1925 maris
1289 1863 1397 1945 spatia
1416 1851 1456 1926 a'd
1476 1849 1604 1944 partem

363 1963 451 2028 illam
463 1963 643 2044 Narvegiae‚
663 1983 735 2047 quse
759 1964 891 2046 evulgo
915 1959 1134 2030 Firdorum¹
1158 1962 1367 2048 provincia
1389 1972 1604 2050 nuncupatur,

363 2048 505 2147 gloriosa
527 2068 583 2133 illa
605 2071 756 2136 comitiva
778 2054 907 2134 domino
938 2071 1075 2134 ducente
1109 2069 1265 2151 pervenit,
1302 2069 1395 2152 hujus
1428 2071 1604 2151 provinciae
1641 2079 1667 2121 1⁵

363 2170 479 2236 incolae
502 2171 637 2238 rationis
666 2175 774 2253 alieni,
806 2175 895 2238 cultu
929 2172 1110 2251 silvestres,
1143 2173 1286 2238 moribus
1311 2173 1526 2257 incompositi,
1555 2176 1604 2239 vi-

268 2325 272 2334 .
364 2276 480 2341 dentes
502 2282 633 2343 sanctos
659 2276 714 2343 dei
737 2275 856 2344 finibus
886 2279 952 2344 suis
976 2277 1245 2361 appropinquare,
1281 2278 1435 2341 continuo
1467 2297 1604 2360 congre-

363 2386 440 2460 gato
463 2381 617 2459 exercitu,
633 2387 636 2394 '
652 2385 805 2466 tanquam
840 2382 882 2446 ad
910 2382 1053 2446 latrones
1085 2401 1157 2445 cum
1185 2379 1301 2462 gladiis
1333 2386 1367 2446 et
1387 2378 1528 2455 fustibus
1550 2403 1605 2448 ex-

365 2489 491 2562 euntes
515 2503 666 2562 cameos
692 2487 968 2570 comprehendere
990 2503 1055 2550 non
1073 2491 1219 2567 possent,
1243 2483 1356 2568 procul
1380 2492 1509 2551 eterra
1531 2507 1605 2552 cum

364 2590 491 2670 sagittis
525 2595 558 2654 et
590 2589 753 2676 lapidibus
781 2590 990 2673 expuleruut;
1028 2595 1121 2655 erant
1150 2591 1234 2655 eninr
1266 2590 1457 2670 gentilitatis
1492 2610 1604 2662 errore
1639 2605 1667 2668 20

330 2680 333 2685 ¹
364 2695 516 2760 cxcaecati
540 2699 573 2760 et
594 2695 703 2760 lumen
725 2695 873 2761 veritatis
896 2693 1030 2760 infirmis
1055 2692 1156 2761 oculis
1181 2695 1329 2775 aspicere
1352 2713 1416 2759 non
1439 2697 1604 2764 valebant.

363 2800 486 2864 Iterato
510 2796 608 2880 igitur
630 2799 732 2864 sancti
767 2798 819 2864 dei
848 2801 962 2881 pelagi·
988 2803 1146 2881 coguntur
1177 2799 1260 2864 inire
1283 2797 1486 2866 discrimina:
1512 2791 1605 2866 'tem-

363 2908 494 2986 pestate
518 2910 629 2970 exorta
659 2904 819 2984 corporali
846 2906 1022 2996 praesentia
1044 2908 1245 2986 separantur,
1275 2905 1330 2985 qui
1353 2909 1459 2970 mente
1484 2911 1517 2969 ct
1539 2909 1606 2988 spi-

363 2993 444 3075 rltu²
466 3009 612 3090 separari
635 3027 699 3074 nou
722 3014 850 3074 norunt.
1637 3003 1639 3008 ’

447 3137 483 3205 v.¹
520 3112 625 3178 Beata
662 3113 762 3194 igitur
796 3111 937 3180 Sunnive
969 3111 1123 3178 fluctuum
1158 3111 1344 3179 turbatione
1378 3113 1494 3180 sedata
1526 3135 1601 3182 cum
1636 3137 1664 3184 aa
1736 3171 1737 3182 ,

363 3215 493 3297 majori³
520 3223 618 3300 parte*
639 3217 801 3302 sociorum
826 3217 866 3284 ad
894 3217 1042 3300 insulam,
1071 3217 1120 3281 cui
1148 3205 1271 3283 nomen
1289 3217 1414 3296 Salio,
1444 3217 1605 3302 applicuit

364 3320 473 3407 ibique
497 3319 751 3386 mansiunculam
775 3319 896 3385 iaciens
928 3320 1151 3409 infspeluncis
1181 3325 1213 3385 et
1243 3324 1388 3386 cavernis
1415 3327 1513 3393 terrae
1535 3341 1603 3405 prae

363 3426 480 3488 timore
513 3425 656 3504 gentium
686 3424 855 3489 habitavit.
901 3425 1030 3507 Reliqui
1060 3444 1136 3490 vero
1164 3425 1243 3490 socii
1275 3425 1315 3488 ad
1345 3425 1440 3491 aliam
1463 3429 1603 3494 insulam

364 3512 576 3610 applicantes
601 3547 672 3608 quae
695 3527 785 3593 Κίη4
812 3529 949 3610 evulgo
972 3547 1090 3595 nomen
1102 3530 1248 3610 accepit,
1272 3529 1369 3594 simili
1392 3533 1488 3596 modo
1511 3552 1603 3597 man-

363 3637 485 3712 serunt,
509 3651 547 3696 ex
571 3633 721 3714 captione
744 3632 881 3716 piscium
905 3625 981 3699 vitae
1002 3634 1065 3698 sibi
1082 3627 1273 3714 necessaria
1292 3635 1507 3715 acquirentes
1553 3637 1602 3701 Eo
1639 3656 1668 3700 so

363 3723 517 3822 tempore
545 3735 654 3810 comes
681 3737 862 3822 Haquinus,
883 3739 924 3802 de
954 3737 1076 3806 Ladum
1109 3740 1195 3803 onrui
1224 3744 1365 3820 tyranno
1383 3739 1546 3806 crudelior
1567 3741 1602 3807 ia

363 3841 516 3922 populum
550 3839 615 3939 Sibi:
631 3843 819 3934 ,subjectum
854 3843 1037 3910 desaeviens
1066 3848 1195 3924 sceptra
1221 3843 1312 3924 regni
1339 3841 1509 3924 Narvegito
1533 3847 1602 3910 vio-

433 4026 540 4080 ¹rsttct
568 4030 706 4079 Ferdorum
726 4032 798 4080 Brea.
836 4025 938 4082 ’rettet
955 4032 984 4083 ai
1000 4033 1082 4095 Lgblr.
1101 4029 1309 4096 spiritumssrev.
1351 4027 1455 4083 ⁸rettct
1475 4030 1504 4087 al
1520 4033 1604 4098 irgblr.
1650 4059 1655 4065 ·

363 4115 487 4178 majorum
506 4117 587 4167 Brer.
621 4113 733 4169 ⁴rettet.
761 4119 813 4184 lryn
832 4119 906 4169 Brea.

403 4263 407 4274 ’
451 4272 498 4330 14.
542 4248 886 4348 Firdorumprovincia]
911 4275 992 4332 oldn.
1006 4274 1192 4347 Fines-fylki,
1216 4273 1464 4334 herFastlandet
1485 4279 1495 4334 i
1515 4277 1602 4336 Mod-

276 4413 278 4418 ·
364 4375 495 4449 saetning
515 4375 551 4432 til
575 4370 675 4440 sserne
703 4377 808 4434 Kinn
832 4396 872 4453 og
895 4379 1005 4452 Selja
1034 4373 1056 4450 (i
1080 4395 1192 4435 semme
1215 4371 1334 4454 Fylke),
1354 4379 1495 4460 'hvorhen
1518 4381 1603 4440 Stor-

362 4497 430 4535 men
455 4479 530 4538 drsv
551 4479 588 4537 de
612 4480 792 4555 Flygtends.

356 4607 359 4614 ·
449 4585 498 4640 iil.
541 4587 687 4660 tanquam
710 4585 750 4644 ad
770 4576 920 4659 latrones]
944 4585 1009 4642 srnl.
1033 4585 1143 4646 Matth.
1165 4583 1220 4644 Ea.
1243 4585 1415 4659 XXV1,55:
1446 4587 1602 4666 Tanquam

363 4687 402 4746 ed
424 4687 578 4746 latronem
600 4690 707 4747 existis
731 4705 798 4746 cum
820 4689 930 4764 gladiis
953 4694 985 4750 et
1003 4671 1137 4751 fustibus
1160 4691 1421 4768 comprehendere
1443 4713 1499 4754 me.
1539 4749 1543 4760 ,
