3496 5424
377 423 437 488 140
606 427 703 482 AOlPA
720 423 852 486 sancii
871 429 982 482 odavr
1000 429 1106 484 asela
1123 432 1170 484 latr
1186 425 1394 484 masuram..

378 608 543 676 inuentam
567 608 708 683 cultello,
743 627 837 691 quem
869 609 1136 692 manutenebat,
1167 609 1302 686 dolaret
1331 607 1500 680 immemor
1527 607 1615 690 quod

377 715 537 781 dominica
560 713 630 782 dics
652 719 753 806 essct.
799 713 999 798 [Observant
1029 719 1136 780 autem
1165 715 1197 780 in
1221 713 1385 810 llorregie
1404 729 1476 780 cnm
1500 730 1616 794 magna

377 819 543 899 diligentia
566 819 634 887 dias
667 817 779 897 lectos,
812 837 871 884 nec
904 819 990 888 ullae
1020 819 1141 901 aliquid
1171 820 1279 900 operis
1310 819 1417 900 magni
1446 819 1497 882 vel
1524 818 1615 900 parvi

376 922 483 991 lacere
503 923 700 1004 praesumitl
740 923 829 990 Unus
848 924 946 1004 igitur
965 941 1004 990 ex
1024 923 1082 1003 eir,
1106 924 1160 1004 qni
1183 924 1382 992 assistebant
1402 924 1481 1004 regi,
1502 923 1615 990 videos

368 1027 452 1108 *quia
483 1045 540 1092 rex
571 1027 732 1094 dominica
764 1029 816 1094 die
846 1029 981 1106 dolaret,
1016 1046 1076 1094 nec
1104 1033 1212 1094 temon
1237 1033 1349 1110 aperie
1370 1043 1470 1094 ausus
1493 1031 1544 1094 est
1561 1027 1614 1098 dr·
1660 1037 1674 1082 o

376 1149 458 1208 cere,
483 1131 572 1212 quod
595 1132 757 1198 dominica
780 1133 850 1198 dies
872 1137 973 1212 esset,
1001 1132 1061 1198 bac
1083 1133 1173 1198 illum
1203 1149 1281 1198 voce
1311 1131 1525 1197 commonuit:
1558 1131 1616 1196 do·

375 1236 460 1305 mino
483 1235 613 1317 (inquit)
638 1255 706 1318 rex,
728 1236 885 1304 eraserit
907 1237 1051 1304 secunda
1072 1236 1162 1304 laria.
1209 1235 1280 1314 Qua
1296 1236 1548 1302 commonitione
1558 1225 1617 1300 ren

374 1341 418 1406 ad
445 1358 481 1409 ac
515 1357 690 1408 conuersus
713 1346 755 1422 et,
789 1343 866 1424 quia
894 1342 1014 1422 virgam
1042 1341 1210 1408 dolaverat
1240 1341 1401 1407 dominica
1428 1339 1492 1418 die,
1516 1340 1616 1406 reira-

371 1445 516 1512 mentius
533 1445 662 1523 dalens,
693 1465 805 1515 omnes
833 1447 1000 1514 dolaturas
1028 1448 1127 1528 virga
1145 1447 1283 1526 'collegit
1303 1451 1339 1515 el
1359 1446 1496 1517 collecta
1518 1462 1617 1526 snper

374 1565 502 1621 mauam
527 1567 616 1633 suam
650 1551 724 1632 igne
759 1550 903 1619 adhibito
933 1552 1130 1632 combussit·
1149 1552 1269 1632 quibua
1301 1551 1481 1620 combustis
1502 1565 1616 1617 manus
1649 1563 1675 1609 m

377 1652 466 1720 iliius
486 1653 592 1720 iilaeaa
614 1657 770 1737 apparuit.

461 1785 492 1826 x.
538 1760 691 1826 Raetiam
726 1761 855 1842 quidam
888 1761 938 1828 vir
968 1761 1105 1842 simplex
1134 1765 1167 1826 et
1196 1760 1351 1832 innocens
1379 1779 1397 1824 a
1421 1759 1617 1842 quibusdam

378 1863 567 1943 nolentibus
591 1866 765 1946 preninciae
788 1866 883 1945 illius,
906 1867 939 1932 in
952 1865 1190 1947 ammentant,
1212 1882 1275 1930 noo
1294 1865 1442 1946 justitia,
1457 1866 1525 1930 sed
1548 1865 1618 1933 odii

369 1979 479 2040 -tansa
500 1968 585 2037 falec
610 1970 774 2036 latrocinii
802 1989 900 2040 causa
928 1971 1106 2053 impetitur,
1136 1976 1170 2036 et
1199 1970 1387 2053 postposita
1409 1969 1617 2040 discussione

378 2089 499 2165 beffiae
534 2074 676 2141 trabitur
708 2081 742 2138 et
774 2075 977 2156 inimicorum
1010 2076 1199 2157 prejudicio
1234 2075 1410 2156 suspendio
1445 2074 1616 2160 addicitur.
1650 2093 1675 2138 ra

379 2177 524 2260 Gamqrm
546 2179 660 2254 opalus
683 2183 719 2244 et
740 2179 937 2248 miserabilia
959 2181 991 2246 in
1014 2187 1112 2261 gente
1135 2196 1289 2262 perversa
1311 2178 1434 2246 nnllam
1458 2197 1527 2247 cum
1544 2197 1617 2246 ora.

374 2289 432 2348 ret
449 2283 586 2365 institia
619 2283 727 2350 locum
761 2283 896 2364 viderat,
927 2283 967 2350 de
990 2285 1130 2355 bumaoo
1151 2301 1286 2368 prorsus
1301 2283 1463 2364 desperat
1486 2284 1616 2353 nuntie.

373 2388 469 2460 dode
500 2388 542 2456 ad
572 2388 625 2452 dei
657 2387 911 2456 misericordiam
941 2396 1012 2458 toto
1040 2407 1078 2457 se
1100 2391 1250 2459 uertebat
1265 2395 1407 2470 ‚pectora
1427 2394 1463 2454 et
1485 2389 1618 2455 beatum

374 2497 550 2576 martyrem
580 2492 720 2564 Olenum
754 2493 902 2560 obnixius
933 2495 1136 2576 deprecatur,
1170 2499 1207 2560 at
1237 2494 1403 2562 innocenti
1433 2492 1496 2561 sibi
1529 2496 1618 2576 apud

375 2597 470 2670 doum
500 2598 652 2679 precibus
674 2615 733 2678 pro
757 2597 889 2679 justitia
915 2599 1097 2676 subveniat,
1121 2599 1183 2684 oui
1212 2598 1404 2666 accentibus
1427 2597 1618 2666 nuteriam
1650 2613 1676 2668 20

375 2703 633 2774 misericorditer
655 2721 674 2766 a
697 2702 810 2768 debita
831 2706 1031 2784 poena-suis
1054 2703 1206 2785 precibus
1231 2703 1358 2770 libarat.
1399 2701 1484 2780 Quid
1501 2703 1617 2784 plural

378 2808 426 2874 dx
448 2808 544 2888 adipe
567 2808 689 2888 prodiit
711 2806 865 2888 iniquitas
890 2827 1010 2888 eornm,
1041 2810 1167 2891 absque
1196 2826 1287 2874 mora
1317 2807 1445 2874 transiit
1466 2808 1499 2872 in
1523 2805 1618 2875 effec-

375 2918 460 2991 tum3
478 2913 686 2992 suspendunt
707 2912 867 2978 insontem
891 2913 1065 2995 suspendio
1089 2914 1184 2992 digni.
1229 2913 1349 2976 Verum
1378 2911 1460 2993 legis
1488 2917 1617 2978 scruta·

375 3022 428 3082 tor
451 3021 582 3084 sanctas
605 3016 726 3092 Olavas
747 3018 921 3085 miseretur
936 3018 1138 3087 miserabili:
1160 3016 1253 3084 alluit
1275 3017 1428 3086 clamanti
1448 3035 1508 3098 pro
1526 3017 1618 3084 inno·

377 3123 485 3192 centia
510 3122 673 3203 iustitiam
695 3123 887 3203 postulanti.
931 3122 1092 3189 morinco
1122 3123 1244 3203 itaque,
1273 3126 1311 3189 ut
1332 3128 1462 3200 eterra
1488 3122 1617 3191 levatus
1649 3141 1675 3188 aa

377 3232 437 3310 cst,
461 3227 556 3308 quael
573 3227 605 3290 in
627 3227 749 3294 visione
771 3227 862 3296 visus
885 3231 938 3298 eat
954 3227 1020 3294 sibi
1043 3233 1177 3292 saccas
1196 3231 1317 3308 marcar
1332 3227 1454 3294 Oleros
1475 3226 1616 3307 pedibus

377 3331 445 3402 suis
467 3347 611 3398 asserem
634 3332 857 3413 supposuisse,
881 3332 932 3399 cai
954 3332 1078 3404 ioniam
1094 3348 1153 3412 per
1171 3349 1285 3400 narem
1304 3329 1406 3400 imme
1425 3330 1617 3399 humalde-

254 3483 258 3488 .
376 3453 431 3508 ,aas
451 3438 645 3516 permansit:
669 3437 771 3502 donec
791 3455 871 3502 uxor
891 3453 952 3502 sua
967 3445 1006 3502 et
1021 3433 1080 3501 filii
1099 3455 1118 3500 a
1137 3435 1276 3516 quodam
1294 3434 1395 3504 nobili
1413 3440 1616 3502 reverteren-

374 3543 429 3606 tur
458 3541 632 3621 impctrata
660 3541 800 3620 licentia,
829 3547 865 3606 ut
893 3557 1011 3622 corpus
1034 3540 1237 3622 deponerent
1263 3544 1298 3608 et
1327 3539 1503 3620 sepulturae
1530 3557 1617 3604 com-

445 3781 457 3830 ¹,
479 3793 552 3836 rettat
577 3785 640 3836 alter
662 3785 738 3838 Hom.
765 3793 812 3836 lbd
836 3785 897 3848 (leg.
924 3783 992 3848 Saga
1009 3800 1031 3834 c.
1054 3761 1123 3846 11ὀ);
1164 3783 1203 3833 En
1220 3779 1321 3844 Norega
1340 3783 1526 3836 menn‚lralda
1542 3782 1615 3830 alreal

376 3877 534 3938 messarim,
561 3889 607 3924 ava
634 3883 660 3925 at
686 3877 743 3938 engi
772 3875 842 3925 mabr
859 3873 953 3941 boren
975 3882 1000 3923 at
1018 3875 1095 3923 vinna
1113 3889 1155 3923 am
1173 3870 1275 3930 holiba,
1293 3869 1390 3920 hvarka
1407 3867 1489 3933 mykir
1506 3883 1538 3920 ne
1556 3870 1613 3921 litit.

376 3961 551 4014 unsaramma
568 3963 836 4028 enim-praeonmebat
853 3963 926 4015 Brea.
939 3960 1005 4024 ,mgb
1025 3960 1104 4012 Slesv.

374 4177 517 4257 Mirakel)
540 4183 639 4240 under
659 4183 750 4242 Olera
781 4182 903 4260 Opbold
931 4183 941 4241 i
970 4179 1117 4250 Rusland‚
1149 4199 1188 4254 og
1214 4176 1516 4252 waenerlegenden
1542 4175 1614 4234 hen·

373 4289 458 4354 farer
478 4275 622 4368 Miraklet
644 4287 844 4364 udtrykkelig
864 4289 900 4346 til
925 4287 983 4346 den
1006 4285 1063 4344 Tid
1085 4281 1215 4360 (ipsein
1238 4281 1353 4341 Ruscia
1377 4273 1546 4352 existenti).

459 4383 499 4468 X]
529 4389 613 4451 Hom.
646 4393 789 4454 157-58
808 4387 866 4476 (x),
892 4393 952 4470 leg.
978 4391 1057 4467 Saga
1083 4391 1152 4458 111,
1183 4386 1329 4462 Sv.1Leg.
1356 4388 1426 4455 871,
1456 4375 1528 4444 ikke
1557 4384 1613 4442 hos

376 4497 498 4570 Snerre,
519 4517 597 4554 'men
633 4497 803 4556 derimodi
834 4497 892 4554 den
925 4502 1024 4562 stacte
1049 4495 1217 4570 Olavaeaga
1245 4493 1256 4549 i
1286 4497 1317 4548 to
1347 4489 1542 4557 Membranar
1568 4488 1614 4545 fra

376 4601 484 4661 Sluten
514 4603 546 4670 ai
574 4603 653 4670 lide
687 4600 926 4678 Aarhandteda:
961 4600 1040 4668 Flet.
1062 4600 1100 4672 11,
1126 4600 1196 4669 388,
1227 4593 1507 4680 Pcatclasagmilp
1539 4593 1614 4663 1813

373 4706 466 4774 idac
489 4707 690 4778 eidatoaerate
714 4708 795 4782 aigae
817 4704 948 4776 Rundan-
967 4709 999 4762 at
1016 4704 1057 4774 bo
1083 4723 1139 4776 „aa
1158 4697 1266 4776 Marf‘.
