3496 5424
321 414 386 480 130
550 415 649 472 sors
666 415 797 472 essert
814 416 928 472 onsvr
945 417 1050 472 neoto
1066 413 1114 470 tor
1131 413 1323 471 memore.

318 597 433 678 festus
455 597 535 664 nihil
558 597 736 680 tyrannidis
756 599 789 666 in
812 614 889 664 suos
909 600 1083 666 exercebat
1100 598 1267 676 subditos3
1289 597 1388 665 immo
1408 597 1558 670 omnibus

320 703 468 785 exemplo
489 703 659 784 praebebat
679 721 805 784 magne
827 704 1018 770 humilitatis
1042 708 1076 770 et
1096 702 1369 772 mansuetudinis.
1410 701 1448 770 In
1470 701 1558 770 iutu-

318 825 389 876 rum
420 807 521 874 retiam
553 808 737 889 provinciis,
772 809 890 890 quihus
911 812 1063 891 preerat,
1094 807 1280 890 providens,
1311 825 1352 874 ne
1381 807 1559 877 nobiliores

320 912 441 994 quique
469 917 502 978 et
533 912 737 993 potentiores
760 913 1022 996 perpotentiam
1045 913 1238 978 humiliores
1258 913 1480 993 opprimerent
1510 911 1557 980 le-

318 1034 376 1098 ges
411 1017 535 1084 divinas
568 1024 602 1082 et
620 1017 788 1084 humanas
815 1019 918 1084 multa
946 1018 1059 1100 planas
1083 1017 1245 1098 sapientia
1267 1017 1404 1086 etenira
1426 1033 1557 1098 eompa-
1615 1025 1632 1070 ⁵

318 1122 398 1186 sitas
422 1122 620 1188 discretione
643 1123 775 1204 scripsit
798 1129 832 1188 et
853 1123 1086 1204 promulgavit3
1115 1123 1149 1188 in
1179 1120 1297 1202 quibus
1325 1139 1418 1189 suurn
1442 1122 1558 1202 cuique

318 1226 497 1292 conditioni
514 1225 569 1308 jus
592 1226 779 1307 assignavit.
821 1227 859 1292 In
880 1227 945 1293 illis
966 1228 1075 1305 etiam,
1096 1230 1262 1307 quantum
1276 1227 1393 1294 liceret
1413 1227 1558 1308 praelatis

316 1331 350 1396 in
384 1329 547 1412 subjectos
582 1335 617 1395 et
652 1335 805 1412 qunnmm
840 1331 977 1414 subiecti
1008 1331 1223 1398 reverentiam
1257 1329 1449 1399 exhiberent
1465 1377 1468 1395 ι
1482 1351 1567 1412 erge.

317 1433 483 1516 prelatos,
507 1437 605 1502 certis
627 1435 786 1503 limitibus
809 1436 972 1502 discrerit.
1023 1435 1073 1500 lbi
1095 1435 1357 1503 modestissimus
1379 1441 1413 1502 et
1437 1437 1555 1518 equu-

318 1540 420 1604 simus
449 1539 574 1606 arbiter
603 1540 770 1622 sapienter
801 1540 1021 1619 considerans,
1056 1539 1248 1622 plerumque
1271 1559 1373 1624 reges
1388 1547 1556 1623 potestate
1596 1555 1630 1601 10

318 1642 379 1708 sibi
403 1661 558 1709 concessa
586 1644 729 1725 superbe
762 1645 854 1710 abuti
887 1645 919 1710 in
949 1645 1114 1724 subditos,
1141 1645 1254 1726 legam
1283 1646 1392 1726 rigore
1409 1648 1564 1726 regalem.

318 1749 462 1814 coercuit
494 1753 529 1814 et
560 1747 737 1814 retrennvit
769 1749 945 1827 licentiam.
972 1783 975 1794 ·
999 1751 1037 1815 ln
1066 1749 1131 1816 iliis
1158 1749 1286 1830 legibus
1316 1750 1427 1832 claret,
1461 1769 1557 1834 quam

317 1852 455 1920 dovotus
484 1869 563 1934 erga
586 1853 691 1934 deum,
716 1871 811 1934 quam
833 1854 994 1936 benignus
1016 1873 1092 1935 erga
1114 1854 1295 1935 proximum
1316 1873 1375 1923 rex
1395 1856 1565 1936 glutimus

317 1957 470 2026 extiterit.
514 1969 517 1978 ¹
783 2019 788 2029 .
1181 1969 1184 1974 '

400 2089 457 2130 vn.
500 2063 663 2145 Explicari
690 2064 797 2129 verbis
832 2081 896 2130 non
929 2069 1050 2145 potest,
1083 2069 1209 2145 quanta.
1236 2062 1396 2130 beneficia
1429 2065 1557 2146 populis
1594 2088 1631 2134 rs

315 2168 380 2233 illie
403 2185 461 2234 rer
483 2186 569 2250 sepe
588 2168 774 2234 nominatus
797 2169 958 2248 eontulit¹‚
981 2173 1136 2250 quantum
1161 2166 1292 2250 profuit,
1316 2168 1392 2238 dum
1415 2169 1564 2253 praefuit„

316 2277 350 2338 et
371 2273 403 2338 in
432 2272 692 2354 promulgatione
721 2271 829 2352 legum
853 2279 887 2338 ot
908 2274 941 2340 iu
961 2274 1200 2340 sustentatione
1219 2291 1397 2354 pauperum
1422 2275 1563 2342 stessi·

317 2375 441 2443 deitate
455 2367 706 2459 predicationis
735 2383 770 2442 et
792 2377 937 2460 exempla
962 2395 1037 2456 sose
1052 2377 1263 2444 sanchosimae
1287 2378 1555 2464 conuersationis.

315 2482 382 2548 Sed
404 2501 422 2548 e
450 2499 605 2548 converso
635 2499 813 2564 perpessus
835 2488 893 2547 est.
909 2484 949 2548 ab
973 2484 1020 2548 eis
1042 2483 1270 2550 tribulationes
1290 2482 1409 2548 mrdtos
1433 2487 1467 2548 et
1488 2502 1556 2550 ma·

314 2587 511 2667 laedente
545 2587 671 2652 illorum
706 2587 916 2654 multitudini
937 2588 1092 2654 resistere
1127 2606 1190 2652 nnn
1218 2587 1328 2654 valeus
1357 2587 1497 2656 secessit
1522 2587 1555 2654 in
1593 2608 1629 2654 no

314 2693 477 2771 Rosciam,
508 2697 721 2774 opportunum
751 2697 843 2756 ratus
867 2693 985 2758 cedere
1008 2693 1158 2774 tempori,
1183 2692 1285 2758 donec
1305 2691 1465 2758 voluntati
1488 2709 1573 2758 suoe·

315 2815 354 2862 ac
379 2797 547 2878 proposito
574 2803 703 2878 tempus
727 2797 880 2862 idoneum
904 2798 1052 2862 domiuus
1075 2797 1224 2863 conterre
1247 2796 1445 2876 dignaretur.
1490 2797 1564 2862 Ne:

316 2903 392 2968 mini
425 2901 599 2967 ueniat-ia
633 2905 774 2968 mentem
802 2902 1015 2968 fortissimum
1048 2907 1084 2965 et
1113 2900 1410 2968 constantissimum
1436 2900 1558 2969 Christi

316 2993 482 3085 athletam,
515 3012 551 3070 ut
582 3011 632 3070 cst
665 3004 862 3070 infirmitatis
886 3008 1043 3085 humanu,
1068 3007 1211 3072 cessisse
1233 3005 1445 3086 perterritum
1466 3010 1557 3072 metu

314 3110 488 3192 praestante,
524 3111 578 3190 qui
612 3127 838 3193 sepenumero
872 3112 1081 3192 passionise
1112 3115 1231 3192 sponte
1264 3110 1438 3192 objecerat,
1470 3109 1557 3174 sicut
1594 3136 1630 3182 25

314 3217 362 3280 rei
385 3215 489 3278 exitus
520 3220 554 3279 et
582 3213 711 3279 illustre
742 3216 929 3297 martyrium
959 3216 1060 3296 ipsius
1084 3215 1277 3293 deelaravit3
1311 3212 1445 3282 utilitati
1473 3214 1556 3278 alio÷

314 3339 395 3399 rum,
419 3319 642 3400 opportuniori
670 3339 705 3384 se
735 3321 915 3386 reservavit
944 3321 1091 3402 tempori,
1121 3321 1251 3402 quando
1277 3317 1402 3388 fructus
1425 3319 1557 3385 uberio-

313 3443 366 3490 res
388 3424 540 3490 exhibere
564 3424 694 3488 dominc
715 3428 749 3488 et
764 3425 922 3490 talentum
944 3426 1007 3490 sibi
1031 3424 1237 3490 commissum
1257 3421 1432 3505 multiplici
1456 3423 1558 3502 rusie

314 3536 392 3594 nore
414 3532 527 3611 posset
549 3547 620 3593 cum
642 3545 777 3594 usura..

396 3655 464 3699 vm.
511 3632 716 3698 Clarissimus
731 3633 842 3714 igitur
864 3633 985 3698 Ghristi
1010 3637 1132 3714 martyr
1154 3620 1321 3712 ingressus
1345 3632 1498 3700 Rusciem
1521 3635 1558 3696 ct
1593 3642 1636 3688 30¹

314 3737 554 3803 alarcellauo²
588 3739 735 3820 ejusdem
765 3738 940 3820 provincie
962 3756 1040 3817 sege
1064 3735 1235 3818 magnifico
1259 3737 1403 3817 gloriose
1424 3753 1558 3819 suseep-

312 3847 366 3908 tus
394 3842 482 3907 etin
509 3841 868 3924 honoreampliesimo,
898 3841 1055 3923 quamdiu
1076 3841 1122 3908 ibi
1146 3841 1400 3920 horariarum,
1423 3840 1560 3913 habitus

313 3951 372 4011 est.
422 3947 470 4010 lbi
494 3965 559 4012 non
581 3966 680 4028 parvo
704 3952 853 4028 tempore
876 3947 1071 4024 demoratus,
1096 3947 1244 4012 honeste
1268 3947 1342 4012 vitm
1365 3945 1560 4012 formamet

313 4069 380 4116 mrae
402 4051 581 4132 religionis,
611 4053 768 4134 caritatis,
798 4050 1010 4130 benignitatis
1040 4056 1073 4116 et
1100 4049 1420 4132 patientiaecalcbrc
1445 4067 1555 4117 monu-

312 4159 458 4220 mentum
480 4155 596 4220 incolis
617 4155 756 4236 reliquit.
806 4156 954 4235 Denique
986 4154 1500 4235 decoctueignepersecutionis
1519 4157 1559 4222 et
1594 4160 1630 4208 ³⁶

314 4259 411 4338 exilii,
452 4259 664 4341 aeceptebilis
697 4260 846 4325 inventus
882 4265 915 4324 et
949 4259 1095 4336 idoneus,
1134 4259 1190 4340 uui
1222 4259 1346 4340 majora
1379 4258 1559 4332 certamino

313 4369 426 4445 posset
446 4365 623 4444 sustinere,
657 4364 762 4430 divino
796 4365 980 4446 inspiratus
1004 4363 1161 4432 instinctu
1180 4379 1242 4444 per
1262 4363 1388 4434 Sueciae
1410 4360 1492 4428 fines
1514 4361 1559 4429 ed

313 4463 446 4551 propriu
467 4471 633 4535 remeavit.
677 4469 725 4534 Ibi
749 4466 885 4533 collato³
909 4468 972 4534 sibi
996 4487 1016 4532 a
1038 4468 1168 4532 domino
1192 4467 1428 4532 abundantiore
1451 4466 1558 4547 gratio

384 4620 478 4674 'Lura
498 4636 532 4687 cg
550 4625 623 4674 Brev.
650 4625 788 4674 contulerit
805 4623 880 4674 A‘SS.
916 4620 1027 4674 'reim
1061 4623 1204 4673 Iarceliano
1224 4620 1303 4672 ΑΒΘ.
1331 4619 1459 4672 lucullano
1477 4621 1557 4686 leeg.

288 4712 481 4762 'Ierczcllenns
499 4713 574 4770 Hom.
610 4711 759 4762 Geraelleuo
778 4713 852 4761 Brev.
891 4707 995 4774 'Ibem
1021 4710 1131 4760 collecta
1149 4708 1221 4761 Ass.
1346 4759 1348 4764 .
