3466 5432
380 385 422 450 48
806 387 1000 444 nubuntur
1018 387 1180 446 uuuncm

363 574 472 654 ¹turum
496 571 703 637 contradidit.
750 572 883 640 Carolus
905 575 1016 659 itaque
1037 597 1095 643 rex
1117 577 1340 644 exauctoravit
1359 595 1467 658 regem
1491 581 1615 660 Longo·

381 671 502 738 bardiae
525 679 559 738 et
577 675 732 742 Viennam
756 676 787 741 in
811 679 940 748 exilium
964 682 1060 761 misit,
1089 685 1268 762 restituens
1287 683 1317 746 ei
1336 697 1469 748 uxorem
1489 689 1524 748 ct
1541 684 1616 748 libe·

382 791 436 840 ros
460 779 696 862 pecuniamque
715 780 938 868 sufficientem,
958 785 1135 854 elementer
1154 791 1189 852 et
1207 768 1350 866 benigne
1370 803 1443 853 eum
1465 793 1617 854 tractans.

380 880 429 944 Ex
461 877 517 945 illo
551 901 629 964 ergo
662 890 811 969 tempore
844 889 983 955 liberata
1006 896 1056 956 est
1078 890 1220 956 ecelesia
1240 891 1388 956 Romana
1410 910 1429 956 a
1451 893 1618 974 tyrannide

379 984 667 1066 Longobardorum
687 994 843 1060 instantia
868 999 902 1060 et
925 994 1082 1062 beneficio
1108 995 1492 1078 christianissimi1·rogis
1512 997 1619 1064 Caroli
1656 1005 1672 1048 i

378 1096 456 1171 post
476 1107 577 1157 annos
600 1095 673 1175 pius
696 1101 800 1166 minus
821 1105 995 1179 trecentos,
1018 1119 1056 1166 ex
1078 1099 1158 1182 quo’
1184 1101 1323 1182 primum
1345 1103 1533 1170 invaserant
1555 1104 1619 1168 Ita·

378 1195 464 1260 liam.
511 1195 577 1261 Sed
600 1203 822 1282 regrediamur
844 1206 876 1270 in
899 1205 1113 1288 Noruagiam.

285 1407 288 1410 ’
399 1399 479 1480 Dap.
502 1394 616 1464 XXIV.
667 1394 762 1474 Quod
785 1395 871 1462 idem
893 1395 1029 1476 Magnus
1051 1395 1220 1460 Denorum
1242 1415 1298 1470 reu
1321 1396 1453 1464 effectus
1475 1398 1600 1464 bellum

249 1531 251 1540 s
775 1501 926 1566 babuerit
948 1517 1019 1566 cum
1042 1499 1220 1568 Wandalis.

462 1673 533 1738 Non
556 1672 658 1736 multo
676 1673 754 1754 post
770 1687 870 1750 supra
887 1673 1099 1734 memoratam
1120 1669 1325 1736 concordiam
1344 1671 1479 1735 duorum
1496 1691 1619 1754 regum,
1651 1675 1673 1720 10

375 1777 483 1857 Magni
518 1781 551 1840 et
585 1777 712 1856 Kanuti,
748 1773 919 1839 defunctus
955 1779 1006 1838 est
1032 1773 1117 1838 idem
1147 1773 1297 1840 Kanutus
1332 1775 1453 1858 absque
1489 1777 1620 1844 beredo.

380 1882 452 1960 Quo
475 1886 643 1962 comperto
666 1879 803 1962 Magnus
827 1898 884 1944 rex
906 1883 1102 1960 congregate
1120 1879 1226 1944 classe
1246 1880 1409 1960 navigavit
1426 1881 1458 1944 in
1475 1881 1621 1962 Daciam,

377 1988 431 2052 ubi
455 1992 531 2053 tuuc
553 2004 572 2050 a
594 1983 793 2066 principibus
818 1983 918 2064 regni,
942 1984 996 2064 qui
1016 1981 1212 2063 supradictae
1229 1985 1370 2064 pactioni
1393 1985 1620 2064 interfuerant,

376 2090 554 2156 honorifice
578 2090 756 2171 suscipitur
779 2092 813 2152 ct
834 2087 865 2152 in
888 2106 1000 2170 regem
1024 2087 1226 2152 sublimatur.
1271 2087 1364 2166 Quod
1386 2107 1456 2154 cum
1475 2091 1621 2157 audisset

376 2197 496 2262 sueino
518 2194 604 2261 filius
623 2194 694 2260 Ulfs
718 2198 751 2258 et
775 2192 912 2256 Astridis
937 2193 1057 2257 sororis
1076 2191 1196 2258 Kanuti
1217 2193 1306 2274 regis
1326 2193 1460 2274 ungria,
1481 2193 1618 2258 collecto
1650 2204 1672 2247 1⁵

376 2300 520 2366 exercitu
550 2316 746 2382 congressus
775 2302 826 2361 est
848 2315 920 2361 cum
941 2295 1060 2378 Magno
1084 2296 1190 2362 navali
1211 2297 1337 2378 proelio
1361 2299 1401 2363 ab
1424 2297 1620 2382 eodemque³

378 2424 452 2474 mox
468 2406 573 2472 victus
586 2404 722 2484 aufugit.
756 2401 839 2466 Dum
853 2401 922 2466 haec
942 2407 1122 2482 agerentur,
1138 2401 1295 2482 Wandali,
1309 2420 1389 2484 quos
1402 2420 1462 2467 nos
1475 2409 1620 2470 materna

449 2671 455 2698 ¹
486 2671 546 2721 ΑΚ.
564 2671 742 2720 christianismi
760 2670 785 2719 S.
832 2667 842 2695 ²
863 2669 882 2718 S
908 2669 1002 2719 tilieier
1020 2669 1027 2716 i
1048 2669 1167 2718 &ndens
1196 2669 1261 2718 sorte
1287 2669 1456 2732 Langobardi.
1476 2671 1515 2722 K:
1541 2669 1619 2730 (deest

380 2759 570 2839 Langobardi),
603 2756 691 2810 3ΔΚ.
710 2760 798 2808 codem
818 2758 845 2808 S.

465 2983 494 3041 6.
537 2982 607 3058 pius
630 2985 728 3040 minus
750 2969 920 3054 trecentos]
952 2978 1172 3050 „Scribcndnm
1196 2981 1355 3039 ducentos.
1399 2982 1478 3041 Nem
1499 2983 1616 3058 Leugo-

379 3085 468 3146 berdi
496 3089 549 3146 An.
576 3089 635 3146 ute
664 3086 836 3144 Pannonias
864 3087 982 3159 egressi
1004 3084 1083 3142 duce
1104 3085 1234 3143 Alboiuo
1256 3087 1288 3144 in
1310 3085 1432 3146 Italiam
1453 3089 1619 3147 contende·

380 3199 451 3250 runt
463 3191 567 3267 ibique
579 3208 705 3267 regnum
717 3193 952 3249 constituerunt.
997 3187 1178 3246 Desidet-ius
1200 3207 1273 3248 vero
1289 3192 1415 3250 ultimus
1429 3211 1486 3250 rex
1500 3193 1619 3268 Longu·

380 3294 545 3356 bardorum
568 3315 586 3354 a
606 3295 719 3354 Cereio
742 3295 854 3369 Magno
877 3295 975 3352 vietus
998 3297 1046 3351 est
1067 3295 1123 3352 An.
1149 3296 1208 3351 773
1234 3285 1333 3370 [774]
1377 3295 1509 3356 Duravit
1526 3299 1621 3374 igitur

381 3417 506 3478 regnum
530 3400 801 3477 Langobardorum
823 3401 853 3456 iu
876 3398 966 3456 Italia
987 3417 1082 3456 annos
1106 3399 1166 3458 205
1191 3389 1312 3472 [206].“
1356 3400 1571 3461 JKiruhmenn.

468 3507 516 3565 10.
561 3523 621 3564 non
633 3495 742 3578 multo]
759 3505 824 3562 cml.
838 3484 937 3578 Agrip
952 3505 1089 3560 57—-5D:
1115 3521 1169 3572 „oe
1191 3503 1344 3576 andabesc
1364 3505 1559 3566 Knutrivrri.
1584 3527 1620 3566 en

381 3611 517 3688 Margnus
546 3615 596 3669 boa
619 3610 658 3684 be
682 3610 734 3683 nib
759 3608 913 3666 Danmouo
934 3608 981 3664 fur
1003 3612 1073 3664 utcu
1097 3599 1265 3683 gaqnmmii.
1288 3609 1371 3683 brist
1393 3628 1485 3668 svner
1506 3611 1619 3686 butbtu

382 3735 491 3774 manna
511 3735 587 3774 noro
609 3714 620 3771 i
643 3713 835 3790 gislinginne
877 3711 946 3772 Eun
976 3711 1014 3784 ba
1044 3729 1077 3770 er
1099 3712 1211 3770 Sucinn
1235 3731 1309 3771 suur
1331 3713 1397 3774 Uifs
1421 3734 1459 3774 oe
1479 3716 1621 3790 Astribar

382 3825 484 3880 suntor
494 3821 594 3879 Knrits
606 3819 686 3877 rikia
701 3818 808 3894 apurbi
825 3817 933 3891 betici
948 3815 1110 3891 Euglandi.
1133 3817 1172 3890 ba
1189 3815 1279 3892 uflabi
1296 3817 1376 3876 bann
1397 3819 1537 3896 uileucga
1547 3821 1619 3878 bers

383 3945 417 3984 er
436 3926 519 3983 hann
541 3911 637 3982 matti.
661 3942 698 3981 sn
719 3921 857 3998 Morgnus
880 3925 912 3978 at
932 3901 1064 3979 motion
1086 3921 1217 3980 innnuso
1241 3941 1261 3979 a
1281 3925 1398 3998 scipom
1417 3923 1470 3998 nib
1492 3943 1545 3982 nes
1568 3925 1620 3998 bat

383 4051 416 4088 er
439 4030 530 4088 callet
553 4049 586 4085 er
607 4028 758 4103 Helgenes
782 4046 818 4086 cc
839 4026 931 4084 heldo
954 4025 1090 4102 bardcge
1110 4045 1146 4084 ou
1171 4024 1242 4111 fivbi
1255 4025 1367 4086 Sucinn
1383 4029 1420 4086 til
1438 4024 1617 4088 Vinlandz.“

383 4135 589 4204 Stedsnavnet
621 4133 773 4208 Helgenes
807 4129 978 4206 gjenfiudes
1012 4130 1143 4206 laengere
1177 4130 1256 4188 mede
1289 4131 1346 4189 hos
1374 4131 1457 4208 Thi,
1490 4153 1554 4192 meu
1586 4139 1618 4190 at

383 4238 473 4298 Svein
502 4237 545 4298 fik
572 4237 664 4312 Hjclp
694 4237 742 4294 fre
770 4235 930 4292 Veudcrne
954 4253 993 4309 og
1012 4235 1093 4300 fdrte
1116 4233 1186 4292 dem
1207 4235 1243 4292 til
1265 4235 1431 4308 Danmark,
1453 4258 1486 4296 ar
1507 4238 1617 4308 auben-

380 4343 451 4402 bart
483 4362 520 4400 en
550 4341 767 4400 Kombination
800 4340 832 4397 ai
857 4339 942 4396 Furi.
970 4338 1002 4396 af
1022 4317 1133 4414 Agrip,
1166 4338 1225 4396 deu
1246 4319 1383 4415 'kjendes
1410 4342 1482 4401 ikke
1505 4341 1617 4402 auden·
1668 4391 1670 4398 .

379 4447 524 4506 stedsfra.

470 4527 516 4607 1'7.
560 4537 724 4622 WandaliT
745 4547 815 4622 iysk
845 4566 884 4623 og
910 4546 1096 4606 nordfransk
1124 4547 1209 4606 Nera
1231 4541 1482 4624 paa'vondsrna
1510 4552 1526 4609 i.
1542 4551 1614 4608 lsste

380 4653 610 4726 Aarhundredo,
650 4671 683 4722 so
722 4647 748 4710 f!
786 4650 842 4709 Ex.
875 4651 1041 4720 ¹Annalisba
1079 4653 1173 4710 Saxo:
1225 4653 1446 4714 mirionis-a
1488 4655 1614 4716 Wiuuiis
