3448 5428
346 368 409 430 254

349 547 474 627 domus,
504 565 601 614 cecus
625 549 734 612 autem
758 545 890 628 quidam
912 545 945 612 in
967 545 1075 612 locum
1096 545 1185 610 illum
1201 543 1355 626 illapsus
1379 565 1453 611 cum
1476 564 1587 612 manus

348 670 434 734 aqua
468 651 638 718 madidans
672 651 714 717 ad
747 651 857 718 ocules
890 649 1078 718 reduceret:
1106 648 1268 734 integrum
1291 649 1400 716 lumen
1424 651 1587 718 cculomm
1697 700 1702 709 .

348 755 483 838 recepit.

866 946 911 954 ,-.
914 945 1066 952 -.ι’-,Μ

383 1107 425 1176 nl
447 1107 582 1190 „Ollicia
603 1107 734 1191 propria
756 1125 799 1173 ss.
824 1111 1034 1189 patronorum
1058 1108 1160 1190 Regni
1184 1109 1327 1174 Pclcnire
1351 1115 1385 1175 et
1404 1107 1560 1186 Suecie“,

676 1211 678 1218 ’
820 1210 1003 1278 Mechliniae
1028 1217 1118 1278 1858.
1637 1223 1649 1265 ⁵

628 1396 771 1477 Inferio
795 1395 829 1462 S.
857 1395 948 1462 Olcvi
972 1395 1071 1481 Repia
1093 1401 1123 1462 et
1145 1397 1316 1482 Martyris.

439 1553 489 1614 Aa
511 1557 670 1632 Mapniflcct
690 1566 745 1614 ant.
790 1555 890 1616 Adest
910 1581 953 1596 -
975 1556 1073 1632 gloria
1095 1579 1135 1602 =
1157 1576 1187 1634 p.
1212 1556 1368 1617 2314-15.

441 1661 544 1720 Orcb’c.
588 1660 672 1720 Dens
696 1662 749 1738 qui
772 1681 805 1720 es
827 1661 1051 1721 -Dominum
1074 1683 1113 1708 ==
1136 1681 1167 1739 p.
1191 1661 1363 1722 23117-21.

514 1854 555 1919 Ia
571 1854 597 1937 j.
622 1853 788 1921 Noctamo
810 1853 977 1921 Lectiones
1001 1857 1040 1920 dc
1061 1855 1232 1938 Scriptura
1254 1863 1442 1924 occurrente.

778 1960 820 2024 Ia
840 1961 976 2026 secando
998 1960 1173 2027 Nocturna
1630 1978 1653 2020 10

440 2107 549 2176 Lectio
572 2109 633 2177 IV.
679 2110 799 2178 Olauus
821 2111 890 2177 Rex
911 2111 1099 2195 Ncrwegiae‚
1129 2113 1222 2179 Olivi
1244 2113 1490 2198 Skotbkonung,
1514 2116 1594 2182 Suc·

357 2212 467 2282 cerum
490 2219 525 2282 et
548 2215 729 2283 lictberum
751 2215 853 2300 Regia
876 2235 985 2299 gener,
1017 2219 1213 2300 evangelice
1234 2218 1380 2285 renititis
1408 2220 1598 2286 sinceritete

356 2319 389 2386 in
422 2319 539 2404 Anglia
578 2321 756 2404 comperta,
788 2321 985 2404 Rotbemagi
1023 2324 1066 2388 ad
1106 2323 1244 2405 gretiam
1277 2325 1439 2407 Baptismi
1480 2323 1599 2391 devita

358 2423 456 2491 inimi
484 2425 654 2492 alacritete
682 2425 841 2508 pervenit.
895 2425 1090 2494 Purificetus
1108 2428 1238 2496 lavecrc
1261 2429 1406 2510 saluteri
1429 2431 1598 2496 nonsatis

357 2546 435 2597 esse
457 2529 606 2613 putebat,
637 2535 675 2596 ut
700 2530 867 2614 Episcopi,
899 2535 934 2598 et
955 2531 1152 2601 Sacerdbtes
1175 2535 1327 2600 continue
1349 2534 1382 2598 in
1405 2553 1505 2616 regno
1530 2537 1598 2618 cius
1630 2547 1652 2591 1⁵

356 2634 572 2719 Norwcgienc
608 2635 732 2702 Christi
763 2637 975 2718 Evangelium
1011 2637 1245 2720 predicerent3
1284 2639 1344 2704 sed
1375 2657 1459 2705 novo
1494 2657 1601 2706 rerum

360 2739 475 2808 erdinc
508 2741 582 2824 ipse
611 2742 690 2822 Rex,
718 2740 870 2825 Apestcli
897 2742 969 2810 vice
997 2741 1145 2825 iungens,
1174 2742 1294 2810 Christi
1316 2742 1453 2827 gretiam
1476 2745 1602 2827 passim

359 2845 511 2914 imnibus
540 2846 752 2930 predicebat,
780 2847 1115 2929 innumerabilemque
1138 2847 1249 2930 pepuli
1271 2848 1512 2916 multitidinem
1535 2849 1601 2915 Di-

359 2951 448 3020 minc
469 2949 562 3020 brari
585 2951 767 3034 acquisivit.
813 2952 907 3031 Quod
935 2951 1067 3034 indigne
1095 2951 1240 3020 ferentes
1268 2953 1425 3037 pleneque
1447 2954 1602 3037 preceres

358 3055 575 3140 Ncrwegieni,
608 3057 687 3125 fidei
715 3055 904 3122 christiene
932 3056 1054 3137 hostes,
1089 3057 1247 3125 Ganutum
1281 3057 1449 3124 Dunerum
1478 3061 1601 3141 Regem
1631 3077 1654 3122 aa

360 3166 475 3230 cantra
497 3179 570 3228 eum
594 3161 781 3228 insiluerunt.
828 3161 973 3239 Quorum
994 3162 1048 3228 ille
1071 3163 1243 3246 perfidiam
1267 3163 1446 3244 declinans,
1468 3165 1501 3230 in
1523 3165 1605 3229 ltus·

361 3267 445 3334 siam
468 3265 612 3335 secessit
634 3266 675 3334 ad
696 3266 882 3334 Jarasleum
906 3267 1035 3334 Rissie
1056 3268 1179 3334 Ducem
1203 3266 1333 3334 affinem
1354 3285 1460 3333 suum.

445 3380 530 3458 Raap.
573 3379 744 3440 Honestum
766 3380 851 3439 iecit.

444 3475 555 3544 Lectio
584 3475 619 3544 V.
663 3475 701 3542 In
723 3477 841 3542 Russia
868 3494 932 3541 non
959 3494 1058 3557 parvo
1081 3476 1229 3559 tempore
1252 3476 1450 3558 demeritus,
1473 3477 1603 3559 religie-

362 3582 413 3648 nis
437 3588 472 3650 et
492 3581 568 3650 vite
590 3581 806 3648 sanctissime
830 3581 994 3647 celebrem
1015 3586 1113 3663 atquc
1132 3580 1305 3665 J'ucrindam
1328 3582 1462 3664 reliquit
1483 3582 1604 3649 meme·
1633 3595 1656 3641 rr

361 3686 453 3754 riam
496 3687 636 3755 Pertesi
669 3691 777 3753 sulem
807 3685 1013 3767 Norwcgieni
1042 3685 1157 3769 eptimi
1185 3686 1284 3766 Regis
1306 3687 1475 3766 absentie,
1498 3688 1605 3770 ipsum

363 3792 404 3859 ab
436 3791 534 3860 exilio
564 3792 607 3858 ad
634 3790 726 3875 regni
756 3790 872 3858 aelium
896 3809 957 3872 per
986 3790 1114 3873 legetcs
1136 3791 1300 3857 revocant.
1344 3791 1404 3857 Ille
1425 3791 1604 3874 persuesus

362 3896 404 3964 ab
428 3897 486 3979 eis,
515 3915 575 3980 per
604 3895 731 3963 Suecie
758 3895 850 3976 fines,
879 3915 997 3978 magna
1026 3897 1124 3977 Regis
1146 3895 1288 3961 Amendi
1313 3895 1429 3974 affinis,
1453 3895 1605 3962 aliorsum·

364 4019 428 4084 que
457 4001 725 4084 propinquorum,
755 4008 788 4067 et
817 3999 993 4066 amicerum
1021 4001 1241 4082 gratulatienc
1269 4002 1303 4066 in
1324 4001 1529 4082 Ncrwegism
1556 4020 1605 4066 re·

362 4106 509 4174 vertitur.
555 4106 628 4184 Quo
664 4106 841 4189 comperta,
875 4105 1024 4172 scribetis
1056 4105 1168 4172 hostes
1197 4107 1419 4172 convenerunt
1446 4107 1477 4172 in
1509 4123 1605 4171 unum
1633 4114 1656 4162 ³0

363 4211 520 4280 aduersus
549 4212 724 4280 Deminum
753 4215 788 4276 et
814 4210 972 4276 adversus
1001 4208 1164 4276 Christum
1196 4211 1277 4292 ejus,
1300 4210 1454 4293 belleque
1477 4209 1606 4276 uenien-

363 4321 430 4384 tem
454 4319 603 4401 excipere
626 4315 848 4394 decreverunt‚
871 4314 964 4382 Dice
987 4312 1112 4380 Oanitn
1135 4314 1302 4380 Danerum
1324 4316 1422 4397 Rege.

447 4431 532 4507 Rcsp.
575 4428 773 4489 Desiderium
794 4429 911 4488 ianime.

449 4527 559 4594 Lectio
590 4523 645 4592 Vi.
691 4525 843 4592 Occurrit
863 4530 997 4592 sanctus
1017 4524 1088 4588 Rex
1109 4524 1248 4592 inimicis
1272 4543 1345 4590 cum
1368 4524 1524 4603 exercitu,
1546 4542 1605 4606 pro

362 4633 492 4718 justitia
524 4635 560 4700 et
588 4628 654 4698 iiic
675 4629 889 4714 pugnatrices.
938 4629 1070 4696 Interea
1098 4633 1197 4695 noctu
1226 4629 1366 4713 apparet
1390 4631 1421 4697 ai
1447 4627 1605 4696 Deminas
1633 4645 1657 4693 rc
