3448 5428
359 385 421 464 ato

359 583 501 648 omnium
525 577 689 646 hominum
719 563 876 658 uolgabat
903 571 1056 644 assercio.
1112 567 1286 645 Rumorem
1306 565 1447 646 laticum
1469 585 1505 647 et
1525 575 1604 649 ridi·

359 688 464 754 culum
488 684 673 752 estimabat.
719 680 863 762 contigit
891 687 1000 748 autem
1032 686 1069 748 ut
1096 683 1262 766 passionis
1292 684 1438 751 eiusdem
1460 687 1549 770 regis
1571 693 1606 754 et

359 792 501 860 martiris
522 806 630 856 annua
652 786 878 854 reuolueretur
897 787 1133 870 sollempnitas.
1157 787 1209 854 uir
1229 789 1393 872 passimus
1413 792 1477 858 iste
1495 797 1605 876 praui-

358 903 428 963 tata
451 913 547 979 quam
570 892 669 960 corde
692 897 901 958 tractauerat
926 891 958 957 ln
982 910 1081 975 opere
1106 891 1353 961 demonstrauit.
1405 895 1478 963 Nou
1501 899 1605 965 solum

358 1003 443 1069 enirn
466 1007 503 1066 ut
525 998 626 1066 ceteri
652 997 802 1064 homiues
834 997 923 1064 illius
953 998 1098 1082 regionis
1127 997 1248 1065 nullam
1279 1001 1423 1067 martiris
1447 1004 1603 1070 natalicio
1637 1013 1650 1056 ⁵

359 1104 460 1174 exibit
481 1103 717 1182 reuerentiam;
747 1103 804 1169 sed
828 1103 869 1169 ad
892 1107 1112 1186 contemptum
1144 1103 1216 1170 eius
1237 1123 1340 1190 panes
1364 1107 1462 1174 iussit
1485 1109 1603 1176 deterri

359 1211 400 1278 ad
424 1209 665 1295 quoqueudum.
711 1208 738 1274 Ο
768 1225 845 1275 rens
875 1214 909 1273 et
937 1212 1013 1274 aute
1044 1213 1174 1291 tempus
1197 1209 1278 1274 illud
1301 1210 1483 1279 inauditum
1506 1215 1605 1280 mira·

358 1318 474 1384 culum.
505 1332 571 1381 uno
599 1314 782 1396 eodemque
812 1319 974 1380 momento
998 1320 1032 1380 et
1060 1314 1158 1382 homo
1185 1315 1401 1397 nequissimus
1422 1320 1607 1399 percutitur

358 1423 516 1501 cecitate3
539 1425 573 1488 et
594 1438 697 1502 panes
714 1421 746 1485 in
766 1418 895 1486 olibano
916 1417 1017 1502 positi
1036 1423 1273 1486 conuertuntur
1289 1419 1322 1485 in
1340 1420 1476 1504 lapides.
1504 1423 1605 1506 Equi·

357 1530 419 1592 bus
441 1545 523 1592 unus
546 1527 577 1592 iu
601 1524 747 1591 miraculi
771 1523 994 1590 testimouium
1017 1525 1050 1590 in
1071 1522 1211 1591 basilica
1233 1525 1377 1592 martiris
1402 1546 1436 1592 re
1466 1579 1604 1595 .....
1639 1568 1662 1612 10

757 1641 898 1725 [Lacum
919 1659 984 1722 paa
1008 1647 1046 1707 12
1068 1641 1201 1723 Liuiam]

783 1810 862 1876 ildet
883 1809 976 1890 ulau,
998 1810 1175 1878 Forsiden.

361 2001 393 2012 -
421 2000 461 2012 -·
483 1963 569 2029 forte
586 1963 717 2044 elapsus
739 1967 799 2028 est.
824 1961 886 2027 Hic
909 1962 949 2028 ad
973 1963 1162 2028 memoriam
1181 1962 1324 2028 martiris
1342 1965 1500 2046 uenieus;
1513 1971 1547 2033 et
1568 1973 1605 2032 ut

357 2071 467 2148 lingue
498 2087 555 2134 sua
584 2068 723 2150 pristina
750 2067 945 2134 redderetur
971 2069 1095 2132 sanitas
1120 2085 1191 2131 cum
1215 2066 1330 2132 intima
1352 2067 1460 2134 cordis
1485 2074 1603 2138 contri·

357 2177 450 2240 aione
479 2173 660 2257 postulans.
683 2191 776 2238 usum
805 2172 960 2253 loquendi
982 2189 1078 2254 quam
1102 2171 1257 2236 amiserat
1278 2174 1421 2256 recepit3
1444 2193 1547 2258 seque
1570 2179 1602 2244 in
1636 2207 1659 2252 15

357 2279 471 2346 eadem
496 2278 637 2346 ecclesia
658 2277 817 2360 perhenni
841 2275 1001 2357 obsequio
1024 2278 1233 2359 mancipauit.

442 2383 533 2448 lectio
553 2401 647 2449 amsa.
700 2381 819 2448 Mulier
852 2381 990 2462 quodam
1024 2379 1107 2446 adeo
1142 2381 1333 2448 deformiter
1355 2387 1535 2450 contracta.
1566 2391 1602 2450 ut

356 2489 458 2572 pedes
483 2489 554 2554 eius
589 2486 740 2554 clunibus
769 2487 960 2566 aderereut;
983 2484 1024 2550 ad
1044 2485 1229 2568 sepulcrum
1252 2487 1396 2552 martiris
1417 2487 1518 2554 allata
1539 2495 1602 2556 est.
1710 2521 1711 2570 ᾗ

355 2595 412 2662 ubi
435 2612 508 2661 cum
537 2595 569 2659 in
598 2591 740 2660 lacrimis
764 2595 798 2656 et
821 2591 1047 2657 obsecratione
1070 2591 1190 2672 iugiter
1210 2597 1461 2675 perseuerasset
1483 2593 1602 2676 integri

356 2699 510 2783 sospitati
533 2697 640 2764 redita
667 2717 707 2764 ex
734 2697 846 2780 pansis
868 2695 989 2775 neruis,
1022 2697 1140 2762 erectis
1165 2695 1274 2779 tybiis.
1298 2696 1489 2762 confortatis
1511 2697 1602 2781 pedi·
1634 2718 1659 2764 ao

356 2805 429 2870 bus.
452 2802 588 2884 siugulis
609 2802 762 2869 membris
785 2799 893 2866 officio
914 2817 973 2867 suo
996 2807 1032 2867 et
1050 2801 1155 2866 forme
1177 2801 1303 2867 reditis.
1336 2801 1449 2867 hilaris
1470 2807 1505 2866 et
1521 2821 1601 2885 gau·

359 2910 439 2976 dens
463 2908 505 2974 ad
527 2908 661 2990 propria
682 2907 851 2974 remeauit.
896 2906 1001 2972 Erant
1022 2904 1087 2970 duo
1110 2905 1172 2970 uiri
1195 2905 1326 2971 iratres.
1350 2906 1449 2972 ethii
1480 2924 1602 2987 genere

357 3013 445 3080 olari.
478 3013 706 3080 habundantes
740 3011 851 3077 seculo
886 3010 1098 3076 obtinuerunt
1127 3009 1276 3076 diuitias.
1321 3009 1392 3076 lllls
1415 3017 1486 3078 erat
1508 3030 1604 3078 soror

356 3117 535 3186 secuudum
558 3115 764 3200 superficiem
787 3116 911 3199 pulcra.
934 3114 992 3180 sed
1022 3119 1059 3178 uo
1086 3114 1133 3180 rei
1156 3115 1310 3197 probauit
1332 3117 1438 3182 exitus
1461 3116 1501 3181 ad
1524 3135 1600 3199 pro·

356 3240 472 3290 uorum
506 3221 726 3288 detractiones
749 3221 881 3286 minime
909 3220 1251 3300 circumspecte;·heo
1273 3221 1358 3286 euim
1382 3220 1523 3301 quodam
1547 3241 1600 3288 sa·
1632 3241 1657 3285 as

357 3326 490 3392 cerdote
512 3325 647 3408 anglico.
671 3326 726 3408 qui
753 3325 786 3391 in
810 3325 907 3392 domo
930 3324 1067 3390 fratrum
1094 3326 1164 3391 eius
1186 3324 1342 3390 manebat
1364 3323 1518 3392 deuotam
1540 3328 1601 3392 ha·

357 3431 438 3496 bens
464 3431 719 3498 familiaritatem
749 3435 784 3495 et
810 3430 982 3496 honestam
1017 3431 1211 3497 seruitutem
1242 3429 1408 3510 multaque
1439 3428 1600 3496 beneficia

357 3537 386 3602 ei
411 3535 602 3604 contulerat.
647 3533 775 3601 Accidit
803 3538 916 3600 autern
945 3539 983 3600 ut
1012 3535 1052 3600 de
1074 3534 1210 3601 muliare
1241 3534 1298 3600 illa
1325 3535 1493 3617 suspectio
1521 3535 1601 3600 siui-

357 3645 427 3706 stra
449 3641 596 3708 oriretur.
641 3639 685 3704 Et
717 3639 794 3721 quia
821 3655 930 3704 sermo
963 3639 1070 3705 malus
1090 3643 1231 3706 mentem
1268 3639 1469 3705 audientium
1503 3638 1600 3705 lacile
1707 3679 1708 3708 ;

357 3744 444 3812 solet
474 3744 621 3824 inlicere3
656 3745 855 3825 accipientes
886 3742 1123 3826 presbyterem.
1151 3743 1249 3810 nichil
1271 3743 1338 3810 tale
1370 3743 1599 3810 formidantem
1631 3759 1656 3804 ao

356 3849 511 3931 irengrrnt
533 3850 562 3914 ei
600 3848 716 3931 tybias.
747 3848 901 3914 absidunt
939 3846 1092 3928 linguam.
1126 3868 1146 3914 a
1181 3848 1290 3931 capite
1323 3848 1436 3916 oculos
1469 3853 1598 3913 eruunt.

357 3953 450 4019 Hunc
478 3971 539 4035 per
564 3953 680 4018 merita
702 3953 792 4019 beati
814 3953 901 4034 regis
924 3956 958 4017 et
979 3951 1121 4018 martiris
1143 3951 1228 4019 olaui
1260 3957 1294 4017 et
1316 3970 1355 4016 ex
1376 3953 1482 4033 gratia
1503 3953 1598 4018 ihesu

357 4058 469 4123 christi
493 4058 646 4124 uniuersa
675 4057 814 4123 ecclesia
843 4057 988 4122 eiusdem
1019 4057 1163 4137 regionis
1191 4058 1321 4122 nouerit
1348 4057 1487 4138 pristine
1511 4059 1597 4122 sani-

356 4162 416 4226 tati
439 4163 637 4228 restitutum.
