3448 5428
1303 447 1366 510 249

129 633 286 713 permisit.
334 635 479 714 [Legitur
500 636 584 700 enim
607 637 640 700 iu
662 636 799 700 cronicis
826 635 980 699 islandie:
1010 633 1097 713 quod
1120 631 1261 696 thorirns
1285 630 1366 693 hun-

130 735 182 800 dir
203 738 340 818 pupugit
361 742 506 804 sanctum
527 741 656 804 clauum
668 741 700 803 iu
720 745 855 820 pectore
867 739 1066 802 Thorstenus
1085 737 1204 800 kuarra
1225 734 1369 798 smidher

129 841 236 904 secuit
258 859 332 904 eum
355 843 387 906 in
410 859 503 922 genn.
534 849 570 909 et
591 843 733 909 kalffwer
761 858 915 908 arnasson
938 843 1044 908 secuit
1066 841 1202 906 eundem
1226 839 1259 903 iu
1281 837 1367 903 collo

128 944 161 1008 in
186 960 245 1009 sna
267 947 473 1012 sanctissima
495 948 671 1029 passione¹.
756 937 759 944 ’

81 1056 95 1100 5
216 1058 298 1133 Reap.
344 1059 450 1134 Itaque
478 1061 676 1119 deuotissime
706 1065 764 1120 etc.

215 1181 282 1219 uera.
326 1163 398 1220 Iesu
419 1164 499 1224 bone
522 1170 580 1223 stc.

215 1257 325 1322 Lectio
356 1281 382 1323 c.
434 1261 595 1327 Occubuit
617 1265 725 1325 autem
755 1261 885 1344 [quarto
921 1257 1093 1326 kalendas²
1126 1257 1255 1337 augusti
1287 1255 1369 1322 feria

130 1363 311 1442 quartaM.
332 1368 366 1427 et
385 1364 491 1446 xxviij.
516 1383 598 1430 auno
621 1367 662 1430 ab
690 1365 911 1433 incarnatione
934 1361 1056 1429 domini
1080 1380 1138 1443 pro
1160 1361 1235 1426 fidei
1259 1361 1368 1425 deien-

130 1467 224 1530 sione
247 1467 287 1531 ab
310 1467 447 1532 inimicis
469 1466 546 1532 fidei
568 1462 743 1534 crudeliter
771 1471 1002 1550 interemptus:
1031 1467 1170 1532 feliciter
1191 1467 1231 1530 dc
1255 1464 1369 1528 caetris

69 1583 97 1628 10
131 1569 173 1634 ad
199 1574 312 1635 eterna
329 1573 417 1652 regis
430 1573 592 1654 pallacina
617 1573 657 1637 de
675 1574 760 1638 bello
774 1571 914 1654 migrans
938 1573 977 1636 ad
1001 1589 1115 1653 pacem
1137 1587 1200 1652 que
1214 1570 1370 1650 exuperat

130 1693 260 1740 omnem
284 1693 418 1740 sensum
441 1678 481 1741 ad
504 1677 631 1742 laudem
656 1683 689 1744 et
710 1679 847 1759 gloriam
871 1675 947 1766 dei⁴.

214 1787 298 1862 Resp.
343 1781 544 1866 Confluebant
567 1789 606 1847 ad
634 1790 786 1864 baptisma
808 1793 865 1848 etc.

215 1911 283 1949 vcra.
330 1891 457 1951 Confusi
481 1898 568 1950 eraut
590 1897 647 1951 etc.

215 1985 327 2052 Lectio
348 1990 388 2070 ej.
433 1989 538 2054 Nocte
561 1991 659 2070 igitur
673 1990 868 2071 precedente
892 1989 976 2055 diem
1008 2007 1072 2070 qua
1094 1985 1368 2068 martyr⁵'passus

799 1075 809 1220 ξ
837 1133 876 1158 =-.
899 1133 929 1192 p,
954 1110 1128 1198 anama

899 1803 910 1948 ξ
938 1865 976 1924 ².
999 1862 1029 1918 p.
1056 1837 1196 1900 aeae-⁷.

69 2113 96 2158 15
132 2095 196 2154 est:
220 2095 373 2172 apparuit
394 2093 459 2157 ilii⁶
479 2094 626 2158 dominus
649 2095 760 2158 ihesus
786 2093 908 2176 [verbis
932 2088 1371 2158 consolatoriis‘demuicens⁷
1479 2121 1481 2132 ·

128 2195 260 2260 Accede
288 2198 395 2278 inquit
421 2197 463 2262 ud
491 2217 542 2262 me
570 2197 688 2262 dilecte
716 2198 759 2261 mi
788 2201 917 2279 tempus
942 2202 993 2262 est
1014 2203 1049 2261 vt
1070 2195 1215 2260 laborum
1240 2200 1369 2259 tuorum

128 2297 255 2364 fructus
278 2301 458 2383 percipias⁸
479 2304 512 2368 iu
536 2302 732 2382 sempiterna
760 2302 886 2367 leticia:
912 2301 1036 2384 [nostro
1057 2299 1166 2364 fruens
1189 2299 1371 2364 consortidl

129 2420 283 2470 coronam
307 2408 469 2488 suscipias
491 2407 624 2474 honoris
645 2408 757 2472 eterni.
787 2424 852 2487 qua
871 2406 998 2471 visione
1022 2409 1143 2486 martyr
1166 2404 1280 2486 [supra
1301 2421 1369 2467 mo·

128 2507 206 2572 dum
231 2509 456 2576 delectatus¹⁰:
479 2509 627 2595 passioni
647 2527 684 2574 se
700 2509 786 2575 letus
810 2511 944 2576 obtulit:
967 2509 1030 2573 iam
1057 2507 1226 2591 [diuinitus
1248 2508 1368 2600 scalam

68 2643 97 2687 20
130 2618 372 2694 coguoscena¹¹
397 2631 493 2695 quam
516 2615 548 2678 iu
560 2615 681 2678 somnis
699 2631 802 2695 nuper
824 2615 864 2679 ad
877 2614 965 2680 celos
988 2619 1129 2678 erectam
1149 2613 1289 2678 uiderat:
1311 2632 1370 2694 per

130 2711 229 2798 qu'am
253 2713 293 2781 ad
317 2717 520 2783 dulcedinem
544 2734 640 2799 quam
663 2723 853 2798 gustauerat
876 2719 1014 2784 feliciter
1035 2723 1108 2782 erat
1130 2733 1330 2782 ascensurus.
1397 2769 1398 2780 ,

218 2829 302 2905 Resp.
345 2829 492 2888 Florebat
508 2827 585 2888 fides
609 2833 666 2896 eto.
723 2859 774 2918 ·—
915 2881 973 2927 15-
982 2882 1013 2926 18

217 2953 285 2991 uera.
328 2933 497 2992 Exultabat
518 2951 572 2991 rex
596 2939 654 2994 etc.
736 2921 776 2931 ‘⁸
796 2905 827 2960 μ
851 2888 910 2944 235
1016 2927 1022 2940 ’

502 3167 507 3178 ·
608 3142 650 3207 Ia
671 3143 718 3224 c'c'p'.
741 3149 922 3208 conterno(

220 3301 377 3376 camptona.
420 3301 544 3362 Nee-
566 3302 714 3360 instantia
736 3325 775 3348 =
798 3324 828 3380 p.
854 3277 1025 3362 23'520-21,

218 3407 375 3485 caepione.
417 3405 505 3484 Nouo
531 3433 569 3442 -
591 3407 772 3486 predicabat
795 3411 843 3455 ='
857 3427 886 3482 p.
910 3405 1082 3486 23523-24‚

219 3511 376 3587 cnapadene.
419 3491 643 3568 Predicetiouis
666 3539 704 3548 -
729 3511 895 3570 reuocabat
918 3531 1010 3589 =,p.
1035 3508 1208 3570 23526-27,

219 3614 406 3694 Euangelium.
450 3613 517 3672 Nisi
539 3632 675 3688 granum.
751 3687 753 3694 y
846 3673 849 3680 ,
923 3677 925 3682 ,
1158 3628 1160 3632 ·

221 3710 327 3776 Lectio
347 3710 399 3792 cij.
440 3710 590 3774 EUoluto
604 3711 889 3793 itaquepassionis
902 3711 988 3778 illius
1000 3716 1148 3795 tempore
1161 3730 1233 3778 cum
1245 3714 1277 3777 in
1290 3731 1368 3794 qua·

68 3837 98 3882 ao
133 3815 209 3880 dam
233 3813 329 3881 domo
350 3812 589 3883 sanctissimum
611 3832 728 3898 corpus
757 3817 827 3882 eius
855 3816 1013 3882 lauisseut
1042 3815 1194 3880 ministri:
1223 3815 1371 3897 proiecta

132 3922 184 3983 est
212 3923 288 3982 ante
317 3917 436 3982 ostium
464 3917 578 3982 domus
607 3937 691 4000 aqua
720 3922 818 3986 mixta
846 3904 1090 4001 sanguineque
1119 3921 1159 3986 de
1181 3919 1370 3984 vulneribus

131 4023 285 4102 martyris
306 4019 396 4086 beati
419 4019 605 4095 defluxerat.
644 4021 746 4088 Oecus
769 4024 869 4104 igitur
892 4024 1022 4104 quidam
1047 4028 1121 4088 ante
1145 4025 1274 4088 domum
1295 4042 1371 4088 ean·

132 4127 207 4190 dem
238 4127 417 4190 transiens:
451 4125 622 4207 prolapsus
651 4128 759 4191 estin
786 4127 891 4192 locum
922 4129 978 4210 qui
1005 4128 1110 4195 adhuc
1139 4146 1224 4209 aqna
1251 4127 1371 4192 iniecta

27 4285 31 4294 ·
118 4331 121 4338 Ι
204 4255 221 4304 ¹*
235 4275 297 4340 mgl.
338 4275 399 4325 ²in
420 4275 544 4329 kalendis.
586 4277 734 4339 ³pervenit
751 4277 802 4332 eiu.
842 4278 934 4329 ⁴aius.
952 4293 1028 4341 opere
1046 4280 1161 4341 precium
1179 4283 1218 4328 est
1236 4279 1266 4328 de
1283 4278 1371 4328 multis

131 4363 263 4414 miraculis
281 4379 329 4427 que
348 4364 379 4413 ad
402 4364 600 4414 commendanda
618 4365 709 4414 merita
725 4365 831 4427 gloriosi
848 4367 959 4416 martiris
979 4365 1048 4416 claui
1065 4367 1180 4416 dominus
1198 4367 1298 4427 operari
1316 4366 1371 4429 dig-

131 4456 207 4502 natus
230 4455 269 4501 eet
291 4463 373 4514 pauca
395 4449 566 4514 perstringere
588 4457 617 4501 vt
639 4455 759 4515 quautam
777 4456 889 4515 graciam
913 4457 946 4502 ep,
960 4453 1069 4516 gloriam
1088 4453 1202 4503 domiuus
1220 4456 1308 4504 nuato
1326 4468 1371 4502 suo

133 4538 231 4588 dederit
248 4537 392 4588 infidelibus
409 4537 560 4590 innoteseat.
596 4537 730 4588 ‘inclitus
747 4537 798 4593 tili.
833 4539 892 4590 “ei
930 4540 1102 4592 'demulceus
1120 4538 1194 4590 illum
1211 4540 1294 4590 verbis
1313 4556 1372 4590 con·

131 4625 269 4679 solatoriis.
305 4623 492 4674 ⁸duleiesim0a
510 4636 598 4688 carpes
617 4631 650 4680 et.
685 4623 784 4676 'modo
803 4627 930 4677 consortio
946 4627 1040 4678 fruens.
1083 4627 1106 4657 1⁰
1122 4628 1256 4678 admodum
1274 4627 1372 4679 confor-

132 4715 208 4766 tatus.
249 4711 270 4741 ¹¹
290 4713 402 4763 diuinam
419 4703 710 4766 scamla‘eousccndena.
