3460 5430
271 397 274 402 ’
360 431 421 494 eea

441 611 548 678 Lectio
564 616 589 696 j.
634 615 814 699 REgnante
836 618 1060 687 illustrissimo
1081 640 1159 704 rege
1180 622 1276 687 olauo
1297 609 1388 703 apud
1401 622 1596 703 norwegiam

359 749 401 762 -
423 713 454 780 in
477 717 632 786 lateribus
655 723 816 804 aquilonis
839 750 878 780 ι-
901 753 931 809 p.
959 731 1115 792 itit-¹⁶.

442 829 524 906 Reep.
568 831 603 890 In
625 835 721 910 regali
744 840 801 895 etc.

441 953 508 992 ecre.
555 935 716 997 sordebat.
741 943 800 998 etc.

441 1028 550 1094 Lectio
570 1033 603 1114 ij.
649 1033 801 1104 Ceterum
822 1055 958 1118 magnus
980 1037 1128 1104 dominus
1149 1042 1184 1104 et
1197 1037 1481 1104 laudabilisnimis
1496 1039 1595 1120 quiin
1628 1051 1641 1098 e

359 1130 517 1199 lateribus
543 1137 705 1218 aquilonis
728 1141 892 1208 edificabit
921 1143 1091 1207 ciuitatem
1121 1160 1221 1208 suana.
1252 1143 1354 1207 austri
1380 1143 1509 1224 placido
1538 1141 1595 1206 fla·

360 1237 454 1302 mine.
479 1240 640 1320 aquilonis
662 1243 836 1327 dissipauit
859 1245 1030 1312 duriciam:
1066 1249 1099 1312 et
1127 1247 1270 1327 gentium
1300 1245 1469 1311 efferarum
1494 1247 1596 1311 obsti·

360 1348 453 1406 natos
477 1362 513 1408 ac
536 1345 664 1412 feroces
688 1350 812 1416 animos
836 1350 947 1417 colore
970 1349 1044 1416 fidei
1067 1350 1198 1418 tandem
1221 1350 1387 1416 emolliuit.
1439 1351 1598 1416 Audierat
1720 1440 1721 1443 Ἴ

361 1445 507 1510 auditum
531 1467 549 1512 a
572 1448 719 1518 domino:
744 1457 777 1518 et
798 1453 925 1534 legatos
946 1453 1038 1520 misit
1058 1455 1100 1518 ad
1123 1455 1196 1522 illas
1217 1459 1345 1534 gentes:
1368 1455 1459 1518 misit
1479 1472 1595 1536 preco·
1714 1482 1719 1491 ·

360 1567 417 1613 nes
450 1551 539 1616 verbi
575 1555 642 1620 sui:
676 1557 731 1638 qui
764 1559 933 1626 veritatem
965 1562 1042 1640 (que
1067 1564 1117 1624 est
1137 1559 1170 1627 in
1193 1559 1315 1624 cbristo
1337 1559 1423 1639 iesu)
1446 1559 1594 1639 partibus
1630 1581 1655 1628 ιο
1720 1560 1721 1563 ’

361 1652 425 1717 illis
447 1656 667 1736 predicarent:
691 1660 849 1727 culturam
872 1663 1032 1732 idolorum
1056 1668 1244 1733 auerterant
1266 1661 1472 1727 credentibus
1497 1665 1596 1733 vitam
1679 1665 1684 1676 “

360 1755 598 1826 indeficientem
628 1769 661 1828 et
681 1765 799 1844 gaudia
823 1772 936 1834 eterna
957 1769 1257 1849 promitterencoc
1279 1767 1464 1831 incredulos
1489 1785 1526 1833 ac
1549 1786 1595 1832 re-

360 1862 474 1928 belles.
498 1871 587 1931 metu
609 1867 708 1932 futuri
728 1869 837 1951 iudicij
863 1876 897 1936 et
918 1872 1094 1953 perhennis
1118 1871 1268 1954 supplicij
1293 1871 1505 1938 deterrerent.

443 1976 526 2052 Reep.
571 1978 749 2056 Oquantus
773 1986 830 2040 etc.
1156 2032 1318 2094 ΜΗΘ

444 2101 512 2140 vere.
553 2081 667 2144 Multos
691 2085 824 2145 habebat
846 2091 903 2146 etc.
1038 2055 1077 2083 a
1101 2054 1131 2109 μ
1205 2109 1207 2116 ’
1322 2076 1329 2092 ’
1629 2105 1655 2152 15

443 2177 550 2244 Lectio
571 2181 617 2262 iij.
662 2180 712 2246 Illi
736 2188 811 2249 tunc
835 2187 883 2264 (vt
905 2184 1056 2262 diximus)
1078 2183 1244 2265 prouinoie
1273 2188 1405 2263 preerat
1434 2183 1596 2263 gloriosus

358 2282 555 2350 roselanus:
574 2285 629 2367 qui
640 2285 719 2354 licet
729 2287 858 2369 gentilis
869 2293 983 2354 natura
994 2293 1103 2354 tamen
1115 2288 1274 2370 benignus
1286 2294 1372 2353 erat:
1396 2289 1482 2352 etad
1494 2289 1601 2353 bone·⁴

360 2391 411 2450 ste
430 2404 557 2470 queque
576 2392 735 2458 sectanda
750 2393 888 2474 qaedam
905 2394 1025 2459 mentis
1036 2394 1236 2474 ingenuitate
1259 2392 1524 2476 promptissimus
1535 2391 1596 2457 Hic

353 2494 542 2572 coangelice
554 2497 700 2561 veritatis
719 2496 906 2562 sinceritate
924 2498 956 2562 in
976 2499 1082 2580 anglia
1104 2499 1181 2563 olim
1204 2502 1381 2579 comperta.
1406 2496 1504 2562 fidem
1524 2502 1594 2562 toto
1614 2571 1617 2575 ,

354 2596 487 2661 admisit
497 2603 648 2678 pectore:
672 2606 705 2666 et
724 2601 764 2665 ed
777 2602 930 2682 baptismi
953 2605 1088 2683 gratiam
1112 2603 1145 2666 in
1168 2601 1246 2666 vrbe
1269 2601 1453 2680 rothomagi
1476 2602 1596 2666 denota
1627 2626 1654 2670 eo

354 2700 452 2764 animi
485 2700 658 2770 alacritate
691 2706 886 2772 conuolnuit.
940 2706 1134 2774 Purificatus
1169 2707 1267 2788 igitur
1294 2707 1425 2770 lauacro
1448 2707 1593 2770 salutari.

354 2812 489 2886 repente
512 2812 656 2874 mutatus
686 2815 737 2874 est
758 2810 797 2876 -in
827 2811 925 2877 alium
955 2814 1074 2878 virum:
1109 2817 1144 2877 et
1176 2812 1279 2891 (iuxta
1308 2811 1394 2892 quod
1426 2809 1594 2891 apostolus

861 911 899 934 =
923 887 1096 950 2331a-ao,

356 2909 415 2988 ait)
440 2912 652 2993 consepultus
677 2913 797 2978 christo
820 2934 880 2996 per
900 2915 1098 2999 baptismum
1129 2918 1161 2980 in
1190 2921 1344 2981 mortem:
1378 2913 1500 2981 oblitus
1533 2933 1593 2996 quc

353 3017 441 3079 retro
474 3020 557 3080 sunt.
591 3015 623 3079 in
653 3019 816 3084 anteriora
845 3036 882 3084 sc
915 3021 1099 3086 extendens,
1128 3020 1161 3088 in
1183 3021 1331 3086 nouitate
1354 3022 1420 3086 vite
1443 3024 1594 3101 suscepte
1675 3079 1681 3092 ,

354 3117 523 3199 religionis
544 3120 799 3200 perfectissimus
823 3123 1017 3189 obseruator
1041 3123 1231 3190 ambulabat
1251 3125 1413 3190 Suadebat
1436 3126 1466 3190 ei
1489 3125 1591 3188 omnis
1625 3140 1652 3186 as

354 3241 436 3287 vana
459 3223 633 3290 delectatio
665 3231 698 3292 et
725 3225 847 3291 terreni
875 3228 965 3308 regni
988 3228 1092 3310 gloria
1112 3247 1171 3310 pre
1195 3228 1365 3294 dulcedine
1387 3229 1517 3293 celestis
1540 3247 1591 3308 pa-

356 3327 418 3392 trie
441 3327 628 3394 vilescebat.

440 3439 523 3516 Reep.
568 3443 675 3502 Justue
697 3464 770 3504 vcro
793 3441 851 3506 etcss

437 3564 505 3603 cere.
551 3545 706 3608 Offereb'at
728 3554 787 3608 etc.

912 3518 950 3542 =
973 3517 1003 3575 p.
1029 3494 1257 3558 aeaut-eece.

828 3727 871 3792 Io
892 3728 927 3810 ἐφ’.
950 3732 1117 3794 woborne.

438 3875 493 3922 ont.
537 3865 718 3926 Purificatue
742 3895 782 3907 -
806 3868 917 3929 affectu
941 3865 986 3915 ε’
1003 3889 1034 3946 p.
1059 3865 1197 3940 2346-7,
1221 3863 1314 3935 941,
1338 3861 1447 3968 nt-14‚

437 3989 505 4028 occe.
548 3970 695 4030 Posuisti.

355 4177 389 4237 el
409 4172 488 4238 licet
508 4174 646 4238 terrenis
676 4173 822 4254 negociis
853 4174 1046 4256 implicatus.
1070 4173 1278 4238 nihilominus
1302 4170 1521 4266 meditabatur
1543 4186 1592 4233 ce·

353 4277 460 4341 lestia.
494 4275 654 4359 Quicquid
672 4277 783 4343 diuina
798 4279 850 4343 lex
861 4277 1024 4361 prohibet.
1041 4275 1253 4342 vehementer
1269 4273 1482 4340 abhorrebat:
1506 4271 1591 4354 quic
1624 4285 1652 4333 es

353 4381 430 4462 qnid
459 4385 567 4446 autem
599 4381 765 4464 precipit·
779 4383 1006 4448 ardentissimo
1036 4379 1315 4463 complectebatur
1344 4377 1471 4444 affectu.
1523 4375 1591 4440 Nec

352 4485 484 4566 propria
513 4485 620 4550 salute
650 4490 833 4555 contentus.
862 4485 998 4568 populos
1031 4485 1148 4567 quibus
1169 4489 1312 4566 preerat.
1332 4482 1374 4546 ad
1395 4481 1493 4546 fidem
1517 4498 1590 4546 con·

352 4594 491 4656 uertere.
516 4578 662 4672 vigilanti
684 4589 851 4656 nitebatur
872 4591 1034 4657 instantia.
1079 4589 1122 4654 Et
1150 4605 1236 4655 nouo
1254 4605 1366 4654 rerum
1389 4587 1510 4654 ordine.
1535 4601 1592 4649 rex

354 4693 497 4780 apostoli
530 4695 632 4760 vicem
665 4713 791 4776 gerens.
825 4693 899 4779 ipse
932 4695 996 4761 dux
1026 4692 1125 4760 verbi.
1159 4693 1272 4760 christi
1299 4692 1438 4775 gratiam
1464 4689 1590 4772 passim
