3448 5428
525 570 609 650 Καρ.
694 572 831 634 Turbare
853 573 975 632 turbam
994 572 1145 650 virginum

701 697 803 738 comae
824 677 977 755 haquinua
1001 678 1126 738 nititur:

700 783 809 842 laralia
830 782 990 844 libidinum

702 886 805 948 edicta
826 887 1033 965 amplectitur.

701 993 869 1053 membrum
890 994 1008 1065 martie,
1031 993 1077 1051 vir
1099 995 1280 1070 sanguinum

701 1097 868 1158 frustratu·
892 1117 948 1174 upa
974 1097 1182 1158 confunditur.

465 1251 619 1308 malmetun.
705 1249 784 1310 Dum
805 1250 863 1310 hcc
885 1269 994 1328 precer
1018 1249 1058 1309 ad
1079 1249 1233 1310 dominnm

700 1354 781 1416 ludit
801 1355 889 1431 virge
911 1356 1087 1432 protegitur

703 1479 759 1537 ape
780 1459 841 1519 nd·
863 1479 978 1537 epcuuo
1003 1461 1151 1536 virginum

703 1583 819 1642 eponae
841 1582 909 1624 cum
931 1568 997 1626 cuia
1020 1568 1166 1642 iungitur.
1212 1565 1392 1625 blembrum.
1631 1571 1662 1616 10

486 1707 577 1771 lectio
596 1707 663 1788 viij.
708 1707 872 1792 oeperunt
894 1713 1093 1776 mercatores
1108 1745 1145 1758 -
1158 1709 1358 1774 recondebat
1378 1737 1417 1762 τε
1441 1727 1474 1792 p.
1501 1711 1599 1773 15020

348 1818 496 1880 —15111.

527 1972 610 2049 Reep.
696 1973 741 2032 Ne
764 1972 851 2032 ledet
871 1975 958 2033 furor
980 1975 1116 2050 gentium

703 2083 884 2138 concentum
906 2079 1114 2136 innocentium

704 2183 744 2242 ad
765 2187 898 2241 muntem
920 2185 1106 2260 properatur

704 2287 788 2346 cubit
809 2291 896 2346 vetra
919 2288 1105 2364 martyrium.

704 2393 798 2468 Virgo
822 2393 879 2452 sub
902 2392 982 2450 mole
1005 2392 1152 2450 muntium

704 2517 771 2556 curn
792 2499 856 2556 auia
879 2497 1062 2556 victimatur.

463 2651 616 2708 auriculae.
702 2647 779 2708 Post
800 2667 921 2708 careum
942 2665 1073 2725 precene
1095 2649 1226 2709 stadium

704 2753 819 2811 celeste
841 2772 900 2831 per
923 2753 1102 2830 obsequium

704 2859 836 2917 sunnine
856 2859 1022 2917 laureatur.
1067 2857 1169 2935 Virgo.

452 2999 562 3066 Lectio
585 3001 630 3067 in.
675 3000 773 3066 Fiunt
792 3039 834 3050 —
858 3001 1091 3084 omnipotentie
1116 3033 1155 3056 =
1178 3022 1209 3086 p.
1236 3005 1463 3066 15112—1522.

531 3159 614 3234 Reep.
700 3159 739 3219 Hi
762 3162 862 3220 sancti
883 3161 1117 3222 tabernaculum

705 3269 778 3323 aunt
799 3265 849 3324 dei
873 3285 940 3326 cum
962 3265 1137 3326 homiuibus

705 3370 788 3446 qnod
809 3372 893 3429 ieeua
917 3371 1110 3430 consecrauit

703 3473 764 3532 Per
786 3474 868 3551 quod
891 3476 981 3535 nobie
1002 3475 1156 3552 piaculum
1254 3467 1257 3474 ’

705 3578 827 3638 deletur
849 3577 1058 3638 debitoribus:

705 3686 737 3742 at
756 3682 855 3743 boetis
880 3685 1026 3744 exulanit.
1113 3719 1116 3727 ·

462 3836 614 3894 verticulum.
701 3833 726 3893 0
750 3834 879 3893 sublime
902 3833 1123 3912 spectaculum,

705 3958 795 4015 quam
816 3940 951 3998 libenter
971 3943 1001 3999 in
1025 3939 1140 4000 talibus
1632 3962 1661 4006 ³0

703 4062 757 4102 rex
778 4045 863 4104 leena
885 4046 1097 4124 triumphauit.
1148 4043 1207 4103 Per
1229 4044 1323 4119 quod.
1372 4043 1478 4102 Gloria
1500 4045 1597 4121 patri.

430 4186 586 4268 psalmus.
631 4185 676 4252 Te
697 4185 805 4252 deum.
953 4267 961 4282 Ι

432 4302 582 4358 versiculus.
627 4300 779 4358 Iustorum
802 4299 911 4359 anime.

854 4491 896 4563 Iu
921 4497 1080 4565 laudibus.

431 4667 487 4717 ant.
531 4655 591 4716 Par
611 4671 730 4714 murum
752 4659 811 4714 etc.
836 4677 875 4704 π
898 4677 929 4735 p.
956 4655 1094 4719 1528-64
