3524 5424
393 423 433 484 42
840 415 1032 467 amonium
1051 414 1213 466 mousom

391 603 542 684 gaudium
573 598 749 668 adversarii
778 601 986 681 reportarent
1013 604 1047 664 et
1076 600 1116 664 de
1138 616 1218 664 nece
1239 598 1324 680 regis
1345 601 1379 661 et
1401 596 1443 662 de
1460 595 1625 662 'inomeuta
1726 669 1727 676 χ

391 707 535 774 victoria.
580 705 658 770 Inde
686 707 784 768 ruunt
807 721 919 770 omnes
940 705 972 768 in
996 720 1094 781 arma,
1116 708 1289 784 penetrant
1306 702 1358 768 bis
1380 701 1432 766 vel
1454 703 1505 764 ter
1523 698 1623 766 ¹aciem

392 812 546 891 hostium,
577 810 733 892 plurimos
762 813 983 889 prosternunt,
1013 808 1215 890 protrahitur
1236 825 1345 890 pugna
1366 823 1470 886 usque
1491 804 1532 868 ad
1553 819 1622 867 ves·
1726 869 1728 892 ι

392 935 515 999 peram,
545 933 608 980 uox
636 918 820 995 pugnantes
844 912 990 978 dirimit¹.
1034 912 1218 978 Discedunt
1249 912 1380 978 tandem
1414 909 1542 990 utrique
1564 923 1624 972 non

392 1027 460 1086 tam
484 1021 560 1086 victi
582 1037 681 1101 quam
705 1015 783 1083 lessi
806 1023 840 1082 et
860 1017 1048 1083 muneribus
1072 1015 1194 1083 afflicti.
1664 1019 1674 1063 ⁵
1727 1011 1728 1014 ’

479 1124 640 1191 Occubuit
663 1127 772 1188 autem
790 1122 906 1188 beatus
923 1122 1042 1188 Olarus
1059 1127 1175 1204 quartu
1193 1121 1263 1186 Kal.
1282 1120 1430 1200 Augusti,
1443 1118 1531 1200 quud
1552 1121 1624 1181 tune
1727 1131 1728 1178 ÷

393 1235 465 1296 erat
485 1233 603 1311 quarta
624 1225 714 1305 feria,
736 1244 819 1292 anno
839 1225 880 1292 ab
903 1228 1124 1293 incarnatione
1141 1227 1269 1292 Domini
1287 1224 1460 1291 millesimo
1478 1222 1623 1288 uicesimo
1726 1233 1727 1270 t

391 1350 488 1412 nono,
511 1338 549 1398 ut
569 1350 628 1398 nos
651 1331 772 1397 certius
795 1329 949 1412 indagare
971 1332 1145 1413 potuimus.

394 1539 475 1621 ⁰³1³·
491 1538 560 1604 XX·
611 1538 658 1602 De
679 1537 867 1604 diversitate
886 1539 1127 1620 supputationis
1147 1535 1320 1605 annorum²
1341 1535 1383 1602 ab
1400 1535 1494 1600 initio
1511 1532 1625 1598 mundi.

479 1706 651 1772 Sciendum
669 1723 745 1771 uero
764 1708 822 1786 est,
840 1705 873 1770 in
893 1706 983 1772 libris
994 1707 1039 1772 nil
1052 1707 1134 1774 adeo
1159 1711 1345 1791 corruptum
1368 1711 1405 1770 ut
1426 1702 1623 1788 supputatio·
1655 1709 1678 1753 10

393 1831 466 1880 nem
483 1828 699 1888 numerorum,
716 1808 799 1874 tum³
814 1811 952 1876 maxime
970 1813 1049 1877 vitio
1070 1812 1276 1894 scriptorum,
1295 1819 1362 1877 tum
1382 1807 1496 1876 etiam4
1514 1806 1625 1872 minori

393 1905 553 1982 industria
571 1914 808 1996 calculantium,
822 1919 856 1980 et
873 1916 958 1996 ideo,
971 1921 1008 1982 ut
1027 1915 1184 2000 inlprimis
1199 1918 1346 1998 diximus
1359 1916 1444 1981 huuc
1463 1930 1625 1979 numerum
1728 1887 1730 1972 1

393 2040 548 2089 annorum
576 2020 725 2085 uolumus
754 2020 968 2103 praejudicare
992 2023 1130 2102 certiori,
1158 2040 1288 2108 semper
1312 2028 1345 2086 et
1367 2021 1488 2102 ubique
1510 2034 1626 2100 proeca·

392 2132 505 2194 rentes
526 2125 763 2205 contentiones,
792 2125 824 2190 in
847 2127 899 2191 his
923 2128 1086 2210 praeaipue
1110 2146 1181 2210 quae
1203 2132 1317 2193 contra
1338 2124 1435 2190 fidem
1458 2141 1524 2216 non
1546 2125 1624 2188 sunt.

391 2234 435 2299 Et
456 2238 493 2296 ut
513 2248 618 2314 pauca
641 2229 681 2295 de
712 2229 918 2313 antiquorum
937 2232 1029 2298 libris
1051 2238 1085 2298 et
1107 2232 1200 2314 quid⁵
1220 2231 1284 2314 ipsi
1305 2229 1468 2298 senserint
1491 2229 1534 2293 de
1556 2229 1625 2308 s'up·
1656 2239 1678 2285 rt

389 2338 561 2421 putatione
591 2353 748 2402 annorum
772 2336 812 2402 ab
836 2337 967 2402 exordio
986 2336 1095 2402 muudi
1118 2355 1222 2418 usqua
1245 2335 1286 2402 ad
1310 2336 1485 2400 adventum
1507 2331 1625 2398 Christi

386 2441 536 2522 referam,
558 2458 676 2524 ponam
701 2441 902 2507 diversorum
921 2440 1082 2506 diversum
1104 2446 1300 2524 computum.
1344 2439 1508 2506 Eusebius
1523 2437 1625 2504 Gesa-

386 2546 505 2613 riensis
528 2546 710 2629 episeopus,
741 2545 863 2628 primus
894 2547 1035 2610 omnium
1065 2563 1200 2628 quorum
1225 2547 1264 2618 ad
1288 2563 1347 2627 nos
1370 2544 1495 2626 scripta
1517 2520 1625 2625 perve-

386 2654 514 2730 nerunt,
549 2651 590 2716 ab
621 2651 714 2716 initio
748 2651 850 2732 seculi
883 2669 987 2734 usque
1016 2650 1057 2716 ad
1092 2657 1198 2716 ortum
1233 2637 1405 2716 salvatoris
1435 2649 1563 2732 colligit
1591 2665 1625 2711 en
1727 2661 1729 2704 r

386 2755 551 2822 Hebraico
589 2756 729 2822 ueritate
772 2773 929 2820 annorum
967 2755 1030 2820 tria
1068 2754 1170 2822 millia
1201 2759 1384 2836 nongentos
1418 2753 1626 2836 septuaginta
1655 2771 1678 2816 ao

387 2880 497 2927 uuum.
551 2859 642 2924 Idem
676 2865 786 2926 tamen
819 2859 991 2940 Eusebius,
1026 2859 1141 2924 uolens
1176 2861 1385 2925 autoritatem
1419 2857 1626 2941 septuaginta

386 2967 611 3048 interpretum,
635 2967 662 3029 si
685 2968 794 3028 tamen
817 2963 946 3038 illorum
974 2969 1035 3044 est,
1060 2965 1190 3031 omnino
1215 2972 1423 3047 postponere,
1452 2961 1625 3030 seeundum

387 3071 476 3136 illam
507 3068 631 3148 colligit
662 3067 804 3149 quinque
832 3068 934 3132 millia
962 3074 1092 3133 eentum
1114 3069 1290 3151 nonaginta
1312 3087 1438 3134 novem.
1482 3067 1624 3132 Isidorus
1726 3095 1727 3098 ¹

376 3172 595 3256 Hispalensis
619 3173 793 3254 episcopus
815 3175 908 3255 ponit
931 3174 1078 3255 quinque
1108 3173 1210 3238 millia
1235 3179 1367 3239 eentum
1393 3157 1626 3255 quinquaginta

456 3381 537 3434 ¹AS.
557 3383 657 3431 diremit
673 3381 706 3430 K.
752 3375 841 3432 ’ΔΚ
860 3383 921 3446 mgl.
939 3383 964 3432 S.
1013 3377 1092 3433 ³KS.
1111 3389 1162 3432 tem
1182 3383 1214 3432 A.
1259 3379 1366 3432 ὗ11118.
1398 3381 1425 3430 Δ
1450 3379 1543 3430 tilluier
1571 3393 1627 3429 over

389 3473 495 3535 Linjeu:
524 3471 614 3521 forte
633 3465 733 3530 [non].
769 3464 848 3520 βΚὸ.
867 3473 935 3536 quod
954 3472 986 3520 A.

473 3645 501 3702 6.
548 3631 711 3717 Occubuit]
726 3641 779 3699 alr.
793 3642 1044 3717 Legenden1,1o:
1068 3643 1213 3704 oooubuit
1227 3645 1328 3701 autem
1341 3643 1452 3718 quarto
1473 3638 1625 3698 Kalendas

388 3749 527 3824 Augusti,
551 3746 630 3805 feria
652 3749 771 3822 quarta,
799 3745 959 3804 millesimo
988 3750 1020 3804 et
1049 3748 1193 3806 vicesimo
1224 3752 1331 3805 octavo
1355 3745 1395 3804 ad
1417 3747 1625 3805 incarnatione

387 3853 519 3912 Domini.
574 3850 658 3926 tha
686 3850 818 3920 Aarstal,
854 3869 919 3908 som
951 3851 1011 3908 han
1045 3851 1110 3910 salv
1141 3852 1325 3910 iremeaetter
1356 3850 1428 3908 med
1461 3851 1546 3910 Trivl
1581 3845 1625 3920 (se

310 3977 314 3984 ’
386 3961 482 4016 neate
505 3948 648 4031 Oapitel),
669 3973 703 4012 er
722 3954 934 4013 fremlrommet
956 3955 1014 4014 red
1037 3959 1068 4012 at
1090 3961 1162 4031 tage
1185 3955 1238 4014 det
1260 3957 1330 4028 Aer,
1355 3955 1411 4014 der
1433 3956 1535 4032 ligger
1556 3953 1625 4012 mel·

387 4062 447 4120 lem
467 4059 650 4136 Legendens
674 4059 735 4118 Aac
762 4052 873 4133 (1028)
902 4078 943 4134 og
970 4059 1029 4117 den
1058 4061 1167 4135 rigtige
1197 4053 1383 4135 (islaudske)
1406 4057 1624 4135 Tidsregniugs

388 4159 508 4238 (1030).
552 4162 720 4222 Aarstaliet
750 4183 783 4221 er
811 4163 859 4220 sra
885 4163 952 4238 Thj.
983 4167 1074 4238 gaunt
1102 4182 1175 4222 over
1211 4167 1222 4222 i
1257 4145 1357 4241 [igrip
1393 4161 1463 4236 (53)
1497 4184 1537 4241 og
1569 4163 1624 4221 deu

387 4270 446 4346 leg.
471 4269 551 4345 Saga
573 4288 598 4326 c.
625 4269 693 4337 101.
739 4268 777 4326 29
800 4265 862 4324 Jnli
884 4267 964 4326 laldt
984 4269 995 4324 i
1019 4269 1098 4326 1028
1122 4287 1181 4344 paa
1204 4287 1241 4328 eu
1263 4269 1408 4345 Mandag‚
1431 4271 1442 4328 i
1467 4269 1546 4329 1029
1568 4284 1625 4343 pua

388 4393 427 4434 eu
448 4373 587 4448 Tiradag‚
610 4390 650 4447 og
671 4371 753 4437 furat
772 4371 783 4426 i
809 4372 887 4430 1030
912 4390 972 4447 peu
994 4390 1032 4442 en
1056 4369 1221 4448 Onedag.

474 4477 538 4534 18„
567 4478 684 4552 primus
707 4476 842 4532 omnium
865 4455 992 4550 quorum
1014 4474 1053 4532 ad
1075 4480 1269 4554 uos‘aoripta
1286 4473 1511 4553 pervenerunt]
1535 4477 1623 4536 Disse

389 4580 452 4638 Ord
485 4598 519 4638 er
551 4579 700 4655 aikkerlig
729 4577 903 4638 udslrrevme
932 4580 980 4637 fra
1010 4599 1046 4637 en
1075 4578 1167 4640 raldre
1196 4582 1362 4653 Forsatter,
1393 4583 1439 4642 tbi
1467 4583 1535 4658 ‘rhjt
1571 4583 1623 4640 har

386 4682 459 4742 ikke
480 4683 597 4743 kunnei
618 4684 744 4759 benytte
767 4681 930 4742 Eusebius.
