3496 5424
366 423 463 476 nous
480 423 613 479 saudan
630 427 744 478 onnvr
761 427 866 480 snum
882 429 930 479 nr
945 427 1140 480 unuursrs.
1317 428 1376 490 143

137 601 189 666 tue
211 607 247 670 et
264 603 514 684 pallli'vestitur
535 609 670 688 honoro,
692 609 781 674 inter
798 608 929 674 crebras
947 607 1141 689 populorum
1162 607 1376 675 confluentiae

138 707 254 789 adsunt
273 707 404 789 quidam
427 716 495 777 tres
519 711 645 778 debiles
668 732 707 778 ex
729 713 905 793 longinquo
929 713 1018 776 varie
1041 729 1213 792 corporum
1241 712 1373 794 egritu-

137 811 210 877 dine
227 812 426 880 laborantes.
472 815 533 894 Qui
549 818 675 898 puriter
692 817 733 882 ad
751 816 922 882 ecclesiam
935 816 1025 880 besti
1036 817 1185 898 martyris
1207 818 1374 884 uenientes

136 917 236 997 ipsius
260 919 395 984 obtentu
419 921 597 1002 sperabant
619 939 654 987 se
679 941 717 986 ea
737 921 792 986 die
814 921 959 1008 gratiam¹
975 921 1145 1002 sospitatis
1167 921 1374 1002 potissimum

90 1029 104 1073 ⁵
136 1021 319 1104 impetrare,
342 1041 405 1104 quo
428 1026 513 1092 idern
538 1032 660 1109 martyr
682 1026 786 1092 carnis
806 1026 882 1108 jura
902 1039 960 1105 pro
985 1024 1114 1090 Christo
1143 1026 1273 1092 solvens
1296 1044 1375 1106 gau·

137 1124 222 1191 dium
244 1130 392 1210 suscepit
413 1131 613 1196 aeternaliter
634 1147 887 1213 permansurum.
940 1129 1188 1212 Erebumque
1211 1131 1373 1197 intereos

137 1229 266 1312 quidam
290 1250 405 1312 caeous,
429 1235 538 1314 quiin
561 1236 632 1317 ipsa
652 1236 804 1318 martyris
828 1233 939 1314 vigilis
960 1234 1094 1300 ebionis
1117 1234 1233 1306 laetitia
1256 1235 1377 1302 meruit

136 1338 307 1402 consulari.
352 1337 414 1402 Die
436 1355 513 1403 vero
534 1341 685 1420 sequenti
709 1358 781 1404 oum
802 1339 1037 1421 »processionis
1056 1337 1162 1407 officia
1184 1341 1375 1407 solemniter

135 1447 308 1524 agerentur
331 1449 364 1508 et
391 1443 424 1506 in
448 1443 614 1508 cimeterio
640 1443 796 1508 feretrum
818 1462 909 1509 more
930 1444 1027 1508 solito
1051 1443 1280 1524 deponeretur,
1304 1463 1372 1510 mu·

76 1567 103 1610 ιο
134 1552 185 1611 tas
206 1547 339 1628 quidum
362 1548 534 1612 locutionis
556 1549 694 1629 gretiam
713 1549 837 1629 recapit
857 1548 907 1632 [et
926 1549 981 1612 dia
999 1547 1139 1612 detenta
1161 1547 1278 1630 liuguae
1303 1548 1375 1616 oln-

135 1653 233 1716 cium¹
267 1652 301 1716 in
330 1651 458 1718 laudem
487 1653 659 1718 salvatoris
683 1655 827 1734 gaudens
848 1653 979 1718 laxavit.
1024 1652 1140 1718 Mulier
1156 1653 1262 1718 etiam
1283 1672 1373 1735 quae-

135 1757 204 1820 dem
230 1775 249 1822 a
269 1757 450 1822 Suanorum
473 1755 591 1822 linibus
606 1757 709 1838 ‘longe
731 1757 878 1840 prolecta
899 1757 943 1822 ud
964 1757 1076 1822 limina
1099 1758 1202 1822 sancti
1220 1759 1370 1838 martyris

133 1861 314 1925 orationum
350 1878 447 1926 causa
483 1862 627 1927 decrevit
661 1861 831 1943 proficisci,
859 1879 934 1952 quae
970 1861 1049 1926 licet
1086 1849 1118 1925 in
1155 1861 1272 1928 itinere
1305 1867 1379 1928 tam·
1505 1897 1510 1904 ·

133 1963 244 2029 causa'
278 1966 434 2031 caecitatis
468 1985 563 2047 quam
595 1966 717 2031 laboris
746 1967 848 2030 multa
876 1970 1045 2048 peteretur
1066 1967 1279 2046 incommoda,
1308 1966 1371 2033 fide

76 2084 102 2128 ra
134 2073 243 2134 tamen
266 2057 399 2134 robusta
423 2075 457 2135 et
479 2089 538 2152 spe
561 2070 744 2135 confortata
767 2073 829 2135 iter
852 2071 1026 2152 complevit
1048 2083 1246 2151 aggressum.
1291 2072 1371 2150 Quae

133 2189 203 2237 cum
225 2173 345 2237 natalis
368 2173 454 2238 illius
478 2175 530 2240 die
552 2175 726 2254 gloriosam
758 2175 982 2255 ingrederetur
1008 2175 1176 2240 basilicam
1205 2180 1238 2238 et
1261 2191 1371 2240 sacro-

132 2284 250 2342 sancta
277 2278 445 2342 missarum
476 2279 721 2344 celebrarentur
753 2279 868 2359 cilicie,
898 2280 1034 2344 visionis
1068 2285 1189 2359 optatae
1212 2279 1371 2358 laetitiam,

134 2399 226 2462 quarn
251 2381 291 2446 ab
315 2383 407 2446 annis
426 2383 491 2464 jam
512 2378 667 2448 tredecim
691 2375 855 2459 amiserat,
879 2381 1174 2464 merultreclpere.

214 2512 280 2552 xrx.
326 2487 485 2568 Veringus
516 2489 644 2570 quidam
668 2489 701 2552 in
724 2489 845 2552 Roscia
867 2506 994 2552 servum
1019 2493 1143 2552 emerat
1165 2483 1262 2552 bonae
1286 2488 1379 2552 indo·

76 2615 103 2660 ao
135 2589 173 2654 lis
192 2591 355 2672 juvenem,
380 2592 440 2656 sed
463 2597 601 2672 mutum;
626 2593 679 2673 qui
704 2611 774 2656 cum
800 2592 878 2656 nihil
902 2592 941 2656 de
965 2592 1073 2673 seipso
1095 2590 1241 2673 profiteri
1254 2599 1377 2674 posset,

133 2695 222 2776 cujus
248 2697 353 2776 gentis
378 2703 474 2774 esset,
499 2697 718 2777 ignorabatur.
764 2700 824 2761 Ars
853 2702 972 2774 tamen,
1007 2714 1071 2777 qua
1095 2702 1166 2761 erat
1188 2697 1376 2776 instructus,

133 2800 216 2864 inter
229 2799 387 2880 Varingos
410 2818 481 2864 auor
506 2807 734 2866 conversatum
757 2802 857 2866 fuisse
880 2800 1050 2883 prodebat,
1083 2821 1154 2866 nam
1185 2819 1283 2880 arma,
1308 2803 1379 2882 qui-

132 2904 191 2969 bus
214 2905 262 2968 illi
285 2909 430 2984 utuntur,
455 2905 614 2970 fabricare
627 2911 772 2972 noverat.
816 2906 878 2970 Hic
896 2924 968 2970 curn
989 2907 1113 2969 tamdiu
1134 2923 1172 2968 ex
1190 2907 1377 2970 venditione

134 3009 310 3074 dominicati
330 3010 455 3074 diversa
475 3011 659 3091 probasset,
686 3011 725 3074 ad
744 3016 958 3075 mercatorem
984 3010 1143 3090 quendam
1168 3009 1378 3091 postmodum

76 3131 103 3176 as
136 3113 274 3194 devenit,
299 3116 352 3195 qui
377 3115 406 3179 ei
429 3115 562 3197 pietatis
584 3115 705 3179 intuitu
723 3115 835 3195 jugum
859 3115 980 3181 laxavit
1003 3114 1130 3179 seruile.
1181 3114 1242 3178 Hic
1266 3117 1379 3195 optata

125 3203 288 3284 ¹libertate
311 3221 435 3300 potitus
466 3221 497 3284 in
522 3220 686 3284 ciuitatem
718 3219 857 3297 devenit,
882 3237 953 3298 quse
977 3217 1213 3297 Holmegarder
1235 3218 1379 3300 appellu-

203 3391 306 3443 ¹Brev.
333 3394 438 3458 ejusque
461 3397 562 3445 detenta
585 3397 674 3458 lingue
697 3395 782 3445 olfieis
804 3390 875 3444 ASS.
929 3391 1029 3444 ’Breu
1061 3395 1118 3458 mgl.
1139 3394 1209 3445 Ass.
1268 3392 1377 3444 ³rettct.

136 3483 249 3532 dominia
266 3483 340 3532 Brov.

138 3657 174 3696 en
206 3639 309 3698 endnu
337 3641 479 3714 tidligere
510 3641 716 3716 Begivenhed,
750 3661 778 3700 v.
807 3634 872 3716 26).
916 3640 1065 3699 Miraklet
1087 3640 1156 3714 med
1180 3640 1239 3698 den
1272 3639 1377 3699 blinds

135 3741 255 3802 Kainde
286 3744 384 3802 findas
412 3747 422 3803 i
450 3747 619 3804 Brevioriet
649 3751 680 3804 to
705 3745 818 3821 Gange,
851 3747 909 3804 den
941 3745 1037 3802 sidste
1062 3744 1148 3820 Gang
1169 3747 1283 3821 urigtig
1304 3745 1377 3802 hen-

136 3847 199 3912 fprt
221 3848 257 3905 til
280 3847 459 3908 Stiklested.
857 3879 860 3886 Δ
1041 3882 1043 3888 -
1379 3843 1381 3846 ’

220 3945 304 4028 XIX]
336 3953 408 4028 Lag.
440 3954 519 4030 Sego
549 3975 574 4010 c.
609 3955 667 4012 124
694 3951 827 4024 (Lacuna
850 3955 861 4010 i
883 3949 995 4025 Hom),
1027 3958 1059 4010 to
1089 3952 1324 4011 Haandskriiter
1347 3953 1379 4010 of

138 4057 195 4114 den
211 4061 310 4124 storre
325 4057 492 4134 Olavssaga
510 4053 556 4130 (A.
570 4059 610 4117 M.
625 4061 695 4128 325,
715 4063 731 4117 5
747 4078 794 4134 qv.
807 4077 847 4134 og
859 4056 1109 4130 Thomasskinna,
1132 4057 1234 4132 trykte
1257 4059 1267 4114 i
1289 4057 1374 4114 an.

138 4161 166 4219 S.
190 4162 225 4233 V,
249 4155 333 4237 221),
356 4163 427 4220 ilrlse
450 4163 506 4221 hos
531 4163 644 4222 Snorre
667 4164 742 4221 eller
763 4165 774 4220 i
796 4161 999 4237 Fletbbogen.

221 4269 270 4326 21.
315 4286 364 4324 ars
391 4258 676 4343 temen-noverat]
706 4260 863 4343 gjeng'ives
890 4269 900 4324 i
928 4267 988 4342 leg.
1011 4267 1102 4343 Saga:
1139 4267 1208 4341 besa
1232 4269 1304 4342 gato
1338 4263 1375 4338 bo

137 4389 256 4446 morgen
288 4391 388 4443 menn,
424 4377 455 4430 st
487 4371 568 4430 hann
602 4373 717 4430 minndi
753 4389 905 4430 norroen
939 4391 1019 4441 vara,
1053 4370 1119 4428 firir
1152 4370 1203 4444 bui
1232 4375 1263 4426 at
1295 4368 1375 4426 hann

137 4475 227 4549 gorda
250 4477 326 4550 rapu
350 4477 408 4551 ban
429 4479 549 4534 iamncn
573 4496 612 4553 og
633 4477 694 4548 bio,
725 4496 759 4534 er
788 4476 1003 4550 Vaeringiar
1033 4477 1118 4532 aeinir
1146 4477 1227 4548 nyte.
1284 4471 1376 4530 Ouer-

139 4584 280 4638 aaetteren
303 4581 359 4639 her
381 4583 479 4640 alteas
499 4580 649 4651 derodant,
681 4586 712 4638 at
740 4580 957 4655 Vaeringiar
992 4600 1026 4636 er
1055 4580 1108 4637 det
1129 4577 1267 4635 russisko
1290 4575 1376 4636 Navn

137 4701 196 4760 pes
216 4685 401 4744 Nordmaend
422 4681 501 4757 (emi.
527 4681 772 4763 Thidrikssaga).
