3448 5428
1318 413 1379 474 277

141 585 176 652 b.
233 587 295 656 Fre
330 589 548 668 „HISTORIE
582 593 866 660 PLURIMORUM
899 591 1160 662 SANOTORUM
1192 593 1381 658 noussen

140 690 195 756 ΕΤ
216 691 458 762 uluoulosu
479 697 538 762 EX
560 697 756 766 DIUERSIS
777 697 919 764 LIBRIS
941 698 987 763 IN
1009 697 1134 764 UNUM
1150 695 1378 762 contuere.

501 800 680 870 LOUANII
699 802 1016 870 mcccctxxxv.“

301 965 354 1032 Dc
374 973 484 1034 sancto
511 968 611 1035 Olane
633 990 705 1052 repe
726 973 884 1054 norwepie
905 991 941 1037 oc
965 972 1054 1036 ducto
1075 970 1215 1034 martire.

90 1125 103 1170 ⁵
223 1117 392 1185 Gloriosus
415 1122 527 1186 martir
546 1121 670 1189 Olenus
697 1123 858 1203 norwegie
874 1139 932 1188 rex
951 1141 1011 1204 per
1033 1121 1212 1202 aliquorum
1235 1121 1379 1186 uirorum

136 1227 321 1290 sanctorum
353 1226 609 1306 predicationem
642 1245 819 1295 conuersus
845 1231 879 1292 et
909 1228 950 1292 ad
982 1244 1109 1292 sacrum
1136 1225 1300 1306 baptisma
1327 1243 1380 1292 su-

58 1361 61 1368 »
137 1331 272 1410 sceptus
295 1331 407 1396 statim
431 1350 470 1399 ex
491 1331 604 1399 fenore
626 1332 704 1398 fidei
726 1332 943 1416 apostolicum
967 1350 1096 1398 sumens
1119 1330 1260 1396 officium
1283 1330 1379 1396 fidem

136 1432 249 1498 christi
277 1434 309 1499 in
333 1434 472 1502 diuersis
499 1439 648 1519 partibus
670 1439 763 1505 decie
785 1445 819 1503 et
840 1438 1003 1519 norwegie
1024 1435 1209 1518 predicauit
1230 1439 1265 1502 et
1286 1435 1379 1502 innu-

137 1539 326 1606 merabilem
347 1541 502 1624 populum
527 1543 658 1609 domino
681 1543 863 1626 acquisiuit.

223 1653 281 1726 Qui
303 1673 370 1713 cum
393 1655 492 1715 adhuc
515 1657 639 1733 gentilis
663 1663 757 1716 esset.
780 1662 892 1716 natura
911 1663 1013 1717 tamen
1031 1661 1098 1714 erat
1118 1656 1269 1731 benignus
1292 1652 1380 1714 etad

135 1757 267 1818 honeste
289 1779 410 1836 queque
435 1763 593 1838 sequenda
617 1762 748 1840 quedem
769 1765 880 1822 mentis
903 1763 1095 1838 ingenuitate
1118 1761 1379 1838 promptissimus.

135 1863 191 1924 Hic
222 1865 398 1940 euangelica
427 1867 568 1926 ueritatis
599 1869 776 1927 sinceritate
805 1870 836 1927 in
865 1868 967 1946 anglia
995 1867 1067 1926 olim
1095 1869 1260 1942 comperta.
1289 1864 1380 1924 fidem

136 1973 202 2029 toto
236 1970 360 2030 admisit
392 1977 530 2049 pectore.
564 1976 597 2031 et
627 1974 668 2033 ad
699 1973 845 2050 baptismi
874 1975 1002 2050 gratiam
1034 1975 1066 2031 in
1101 1971 1178 2030 urbe
1206 1971 1379 2046 rothomagi

135 2073 250 2134 deuota
280 2077 372 2136 animi
398 2077 565 2136 alacritate
586 2079 751 2138 conualuit.
801 2079 983 2138 Purifieatus
1007 2097 1080 2154 ergo
1102 2077 1227 2136 lauacro
1252 2076 1380 2136 salutari

135 2184 265 2255 repente
289 2185 422 2241 mutatus
443 2183 475 2240 iu
497 2183 597 2242 uirum
621 2184 713 2243 alium
735 2183 850 2243 oblitus
874 2204 933 2262 qne
956 2187 1041 2243 retro
1065 2187 1146 2242 suut.
1169 2183 1201 2240 in
1224 2181 1380 2240 anteriora

135 2303 168 2342 se
193 2285 341 2344 eomedit.
391 2287 427 2345 ln
456 2289 592 2347 nouitate
615 2291 678 2348 uite
701 2307 790 2365 qnam
813 2291 960 2366 suscepit.
985 2288 1166 2364 religionem
1188 2286 1380 2363 perfectissi-

134 2407 202 2450 mus
229 2389 412 2451 observator
437 2392 613 2453 ambulabat
636 2393 790 2454 Sordebet
817 2395 845 2452 ei
875 2395 972 2454 omnis
1000 2411 1081 2453 nens
1108 2391 1244 2452 dileetio.
1266 2394 1379 2449 atter·

135 2497 203 2554 reni
222 2498 310 2573 regni
332 2497 430 2573 gloria
452 2517 508 2574 pre
531 2497 693 2558 dulcedine
716 2498 825 2557 celesti
844 2497 1066 2558 ‹inualesaebat
1089 2499 1120 2556 iu
1142 2496 1239 2572 regali
1262 2497 1378 2556 conati·

134 2603 222 2660 tutus
243 2601 368 2678 fastigio
391 2604 504 2680 spiritu
526 2621 645 2682 pauper
668 2609 742 2662 erat.
767 2608 799 2661 et
816 2605 904 2678 regui
922 2603 1060 2678 negociis
1077 2601 1261 2678 implicatus.
1284 2601 1379 2660 nichi-

72 2701 101 2746 ²⁰
135 2705 268 2766 lominus
295 2708 423 2768 celestia
451 2709 666 2768 meditabatur.
719 2707 872 2786 Quicquid
901 2708 1005 2768 diuina
1033 2707 1083 2766 lex
1110 2707 1257 2782 prohibet
1283 2706 1375 2766 ueho-

135 2817 256 2870 menter
278 2813 471 2874 abhorrebat.
522 2814 673 2892 Quicquid
703 2815 837 2891 precipit
866 2813 1083 2873 ardentissimo
1113 2812 1378 2889 complectebatur

134 2915 259 2976 affectu.
308 2918 372 2978 Neo
409 2921 537 2997 propria
565 2919 665 2979 salute
695 2923 869 2978 contentus.
893 2919 1027 2996 populos
1051 2918 1163 2994 quibus
1187 2917 1292 2977 diuina
1315 2917 1377 2974 dis-

134 3027 287 3099 pensante
309 3025 512 3100 prouidencia
538 3030 671 3100 preerat.
700 3024 744 3083 ad
769 3024 859 3084 fidem
890 3025 1031 3102 uigilanti
1055 3027 1237 3084 conuertere
1259 3021 1376 3082 niteba-

134 3131 186 3186 tur
212 3130 370 3189 instautia.
425 3129 466 3189 Et
497 3149 579 3188 nono
612 3149 714 3188 rerum
743 3130 850 3190 ordine
880 3149 935 3188 rex
968 3129 1102 3205 apostoli
1131 3130 1201 3188 uice
1233 3128 1376 3202 fungens.

72 3225 100 3270 ²5
134 3232 218 3292 idem
240 3232 301 3294 dux
322 3234 410 3293 uerbi
432 3233 539 3294 christi
560 3237 688 3311 gratiam
710 3237 827 3312 passim
846 3234 986 3294 omnibus
1006 3233 1197 3311 predicabat.
1241 3231 1377 3291 Nonnul-

133 3337 182 3396 los
216 3339 309 3396 etiam
341 3338 562 3415 predicationis
597 3359 657 3417 que
691 3340 802 3400 diffusa
835 3344 901 3398 erat
932 3341 964 3397 in
997 3339 1088 3398 lobiis
1121 3339 1186 3398 eine
1217 3338 1325 3412 gretia.
1360 3356 1378 3394 a

134 3444 308 3522 nephandis
332 3445 492 3504 demonum
515 3443 649 3504 cultibus
673 3445 919 3520 adagnitionem
941 3449 973 3502 et
995 3444 1199 3503 reuerentiam
1222 3444 1269 3502 eui
1294 3461 1377 3502 crea·

135 3551 213 3608 toris
236 3549 368 3608 reduxit.
411 3548 582 3608 Nouuullos
611 3550 652 3608 ad
680 3551 775 3608 seculi
802 3553 1011 3625 contemptum
1034 3553 1066 3606 et
1088 3566 1220 3608 amorem
1243 3565 1376 3622 superne

136 3654 247 3728 patrie.
272 3655 419 3714 mirabilis
452 3656 518 3714 eius
548 3655 672 3714 deuotio
701 3659 733 3712 et
758 3655 824 3714 uita
846 3655 1110 3713 continentissima
1133 3653 1310 3712 medullitus
1332 3653 1376 3711 in·

73 3753 103 3798 30
136 3757 313 3818 flammauit.
359 3761 572 3820 Verumtamen
603 3760 637 3834 in
674 3758 775 3818 medio
798 3760 931 3817 nationis
953 3777 1050 3836 praue
1071 3763 1102 3817 et
1123 3777 1271 3834 peruerse
1294 3758 1377 3834 posi·

135 3868 199 3922 tus.
231 3864 306 3923 licet
337 3865 449 3924 multos
480 3867 684 3925 conuerteret.
720 3882 809 3940 quam
838 3864 988 3939 plurimos
1017 3863 1151 3922 habebat
1180 3860 1376 3920 aduersarios

136 3971 235 4029 fortes
264 3973 297 4028 et
323 3974 478 4046 potentes.
501 3973 533 4029 in
556 3970 667 4048 quibus
690 3970 836 4028 maiorem
857 3970 958 4029 locum
981 3969 1041 4028 sibi
1062 3967 1248 4026 nondicebat
1269 3965 1377 4026 uolun-

135 4080 185 4134 tas
220 4093 310 4151 quem
342 4076 443 4151 pietas
477 4074 667 4135 consuetudo
698 4092 788 4149 quam
826 4076 914 4133 ratio.
949 4075 1040 4132 enimi
1076 4091 1207 4150 preceps
1243 4073 1377 4146 impetus

136 4199 228 4257 quam
250 4199 335 4240 amor
355 4181 507 4240 ueritatis.
558 4181 662 4238 Iustus
686 4183 787 4237 entem
809 4183 844 4237 ut
865 4179 914 4238 leo
937 4178 1094 4238 confidens
1118 4178 1235 4253 absque
1258 4180 1376 4234 terrore

71 4298 102 4342 us
138 4289 216 4344 erat.
246 4289 277 4344 et
304 4287 391 4344 iuxta
417 4285 589 4360 exemplum
609 4285 664 4344 Iob
687 4302 748 4343 non
772 4284 999 4360 expauescebat
1022 4283 1061 4342 ad
1082 4281 1309 4341 multitudinem
1332 4281 1377 4337 ni·

137 4391 227 4448 uniam
248 4410 306 4450 nec
328 4391 489 4467 despectio
513 4392 755 4467 propinquorum
777 4407 845 4448 eum
866 4389 1013 4448 terrebat.
1038 4388 1266 4447 aduersantium
1288 4385 1377 4444 minis

137 4495 190 4554 uel
221 4494 343 4555 insidiis
373 4515 391 4554 a
421 4496 595 4553 constantia
622 4494 843 4570 predicationis
871 4497 969 4553 auerti
997 4496 1131 4569 poterat.
1176 4489 1378 4551 Confluebant

137 4600 178 4658 ad
205 4599 361 4676 baptisma
389 4600 529 4658 certatim
555 4599 671 4674 populi.
703 4604 735 4658 et
761 4618 905 4660 numerus
930 4599 1119 4658 credentium
1141 4597 1311 4672 angebatur
1332 4598 1377 4654 in·

139 4704 218 4764 dien.
261 4702 511 4782 Etiriugebantur
539 4708 651 4764 statue.
679 4705 917 4766 succidebantur
949 4707 1020 4765 luci.
1050 4703 1270 4764 euertebantur
1292 4700 1377 4760 delu-
