3496 5424
351 415 411 476 172
658 413 844 466 FUNDATIO
862 413 1026 466 tvsuusls
1043 415 1272 468 MONASTERII.

351 593 581 660 misericordiae
602 593 707 674 gratia
725 593 840 674 inopes
861 593 929 675 jugi
949 595 1108 676 custodia,
1128 596 1304 678 impetrare
1323 613 1448 662 summa
1466 598 1587 664 sollici·

350 698 462 763 tudine
485 696 651 762 debemus.
699 695 783 761 Nam
816 697 902 762 sicut
934 715 992 762 nos
1023 698 1111 764 illius
1142 699 1285 765 carnalia
1314 704 1484 781 metamus,
1511 721 1586 783 pro·

323 795 326 804 “
349 803 435 869 iecto
459 800 643 883 spiritualia
664 806 777 865 nostra
795 802 985 868 continuate
1003 805 1264 869 remuneratione
1282 804 1388 870 eidem
1406 805 1586 872 retribuere

349 911 489 990 oportet.
533 905 691 972 Noverint
713 909 823 972 antem
855 907 977 986 posteri
999 923 1202 974 successores
1228 909 1343 988 nostri,
1370 908 1456 974 hunc
1484 909 1586 975 virum

348 1012 504 1077 uirtutum
535 1010 775 1092 praesulemque
797 1010 1058 1092 illustrissimum,
1084 1011 1193 1078 divina
1213 1011 1345 1093 quidem
1367 1009 1585 1080 ilustratione
1641 1025 1659 1071 ⁵

347 1114 565 1192 fecundatum,
589 1118 710 1180 nostrae
731 1115 898 1196 religionis
919 1113 1102 1181 caelibatum
1124 1117 1263 1197 primum
1287 1119 1427 1182 omnium
1451 1118 1484 1182 in
1504 1119 1586 1184 Nor-

349 1220 460 1301 uaegia
481 1220 673 1284 accersitum
696 1219 736 1284 iri
759 1225 793 1284 et
815 1237 891 1284 suos
923 1219 1097 1284 thesauros
1131 1219 1356 1300 spiritualibus
1389 1221 1585 1304 dispersisse

347 1324 556 1408 pauperibus.
600 1324 676 1405 lpse
709 1323 807 1404 igitur
836 1327 870 1389 et
899 1323 1014 1388 vexillo
1049 1325 1170 1390 domini
1200 1325 1339 1406 suipra
1362 1321 1585 1393 ceterts'emi·

348 1430 479 1496 nuntior
508 1429 550 1492 ad
573 1427 783 1493 debellandas
805 1426 912 1492 aerias
932 1431 1118 1508 potestates
1140 1427 1349 1494 tenebrarum
1371 1430 1487 1496 barum
1508 1449 1585 1497 con-

348 1540 400 1600 tra
420 1531 605 1616 spiritualia
627 1529 779 1612 nequitie
802 1533 834 1597 in
857 1531 1054 1608 coelestibus
1083 1533 1247 1598 robustior
1273 1533 1413 1614 advexit,
1448 1539 1483 1600 et
1513 1535 1585 1602 bar·
1625 1545 1660 1590 10

348 1640 438 1706 baris
460 1639 530 1719 regi
553 1655 614 1702 suo
638 1631 800 1701 montibus
822 1637 942 1718 passim
971 1636 1118 1702 subactis
1140 1637 1278 1718 trophea
1299 1637 1407 1704 tidelis
1429 1641 1587 1722 primatus

349 1749 384 1810 et
414 1741 703 1808 inmarcessibilem
737 1756 887 1806 eoronam
914 1740 1026 1821 glorie
1052 1741 1116 1806 sibi
1142 1741 1333 1808 lucrifacere
1362 1761 1426 1809 non
1450 1745 1585 1810 distulit.

346 1849 575 1932 triplicabitur
596 1849 708 1928 itaque
729 1861 795 1913 non
815 1845 977 1911 immerito
999 1864 1058 1928 pru
1081 1851 1174 1912 tanta
1195 1846 1259 1913 sibi
1277 1845 1424 1938 efficacia
1437 1865 1587 1931 supernae

347 1953 541 2021 redditionis
562 1951 841 2034 recompensatlo;
875 1955 944 2015 tum
967 1950 1057 2032 quod
1076 1969 1282 2034 nequaquam
1305 1969 1444 2033 parcens
1466 1971 1587 2036 expen-

347 2062 393 2126 sis
422 2059 510 2126 istad
543 2059 665 2124 bonnm
692 2057 733 2122 de
760 2055 984 2120 transmarinis
1014 2056 1136 2136 primus
1162 2056 1196 2119 in
1228 2055 1424 2138 Nonagiam
1452 2057 1586 2124 adduxit
1625 2072 1660 2122 rs

345 2165 515 2244 limitibus,
529 2168 599 2228 turn
613 2159 699 2244 quod
721 2160 848 2226 liberali
871 2160 1121 2244 perspicacitate
1145 2162 1329 2226 summatim
1351 2161 1507 2228 solidavit
1526 2179 1586 2232 nec

346 2269 551 2350 contempsit,
574 2272 643 2332 turn
664 2266 737 2347 qvia
762 2269 798 2330 et
826 2265 910 2330 alios
942 2263 1086 2356 ejusdem
1103 2265 1186 2330 lucia
1210 2266 1362 2331 concives
1382 2266 1505 2332 habere
1526 2268 1589 2332 rui-v

344 2376 430 2439 nime
454 2373 572 2438 omisit.
618 2367 820 2451 Quicumque
839 2369 940 2450 igitur
960 2371 1052 2434 tanto
1075 2369 1311 2436 communicare
1334 2371 1421 2436 bono
1445 2371 1584 2438 coelitus

344 2477 531 2557 meruerint
554 2471 601 2541 illi
624 2475 756 2558 gratas
779 2473 828 2538 illi
849 2489 966 2538 usuras
987 2472 1114 2538 solvere
1136 2472 1339 2554 rodibebunt,
1362 2475 1419 2555 qui
1442 2480 1479 2540 ut
1500 2475 1585 2547 hanc

342 2583 531 2648 laenitatem
560 2581 751 2662 reperirent,
779 2578 902 2660 primus
924 2578 1118 2657 investigata
1141 2581 1175 2642 et
1194 2584 1329 2659 reporta
1349 2579 1486 2660 copiosa
1505 2598 1583 2661 pro-
1625 2595 1660 2640 so

343 2688 447 2754 bitate
476 2685 619 2754 viriliter
641 2683 833 2750 contutaait.
877 2683 951 2748 Non
979 2681 1063 2747 enim
1088 2686 1123 2745 ut
1144 2682 1309 2763 plerisque
1332 2682 1432 2748 moris
1454 2686 1584 2750 semivi-

340 2793 387 2858 ris
409 2789 637 2860 insulsloribus
666 2787 835 2870 spiritibus
862 2785 1049 2852 tumefactis
1078 2784 1207 2866 bonum,
1231 2787 1319 2868 quod
1340 2788 1512 2854 intellectu
1530 2807 1583 2854 so·

340 2893 491 2964 brietatis
519 2893 709 2976 specialiter
736 2893 869 2974 incepit,
902 2890 1086 2973 pernicioso
1117 2888 1248 2956 deiectu
1274 2892 1466 2958 semirutum
1489 2895 1582 2960 deee-

340 3002 422 3066 ruit:
458 3001 557 3065 immo
579 2997 817 3064 ardentissimae
840 2995 1018 3062 voluntatis
1042 2994 1168 3061 ambitu
1200 3002 1433 3065 consummata
1456 2997 1584 3062 bonita-

338 3105 390 3170 tis
408 3105 630 3187 praestantiam
656 3099 828 3168 salutifero
855 3098 1052 3182 mancipavit
1080 3099 1229 3166 termino.
1276 3101 1321 3166 ur
1345 3102 1497 3182 quoniam
1518 3101 1598 3168 bo·⁴
1622 3122 1657 3173 es

340 3225 402 3273 nus
422 3213 519 3288 peter
538 3209 579 3272 ad
602 3204 845 3289 propagandam
867 3203 1150 3276 innumerabilium
1180 3201 1322 3282 tiliorum
1349 3203 1582 3272 fecunditatem

340 3314 461 3380 bonum
494 3311 637 3378 initiavit
669 3309 845 3387 exordium,
877 3312 915 3375 ut
946 3303 1135 3374 salvationis
1170 3308 1313 3374 omnium
1347 3308 1410 3388 hoo
1441 3311 1475 3376 in
1507 3312 1581 3380 loeo

339 3413 634 3483 conversandorum
664 3415 709 3480 sit
735 3415 805 3495 ipse
827 3413 1000 3495 primatum
1024 3417 1141 3477 tenens
1164 3415 1201 3477 at
1220 3413 1387 3495 particeps
1408 3413 1582 3482 beneficio·

338 3537 410 3588 rum
433 3520 641 3603 singulorum,
662 3518 819 3586 debemus
843 3533 976 3582 summm
1001 3516 1184 3582 devotionis
1206 3516 1317 3584 studio
1341 3522 1375 3582 et
1395 3517 1580 3584 fundatoris
1679 3547 1684 3556 ·

338 3624 529 3691 memoriam
558 3625 714 3690 nominati
744 3622 935 3706 quotidiano
964 3621 1130 3687 celebrare
1159 3619 1267 3688 oificio
1291 3626 1326 3688 et
1348 3627 1580 3706 cooperatores
1620 3643 1654 3690 ao
1743 3697 1744 3708 χ

338 3733 469 3796 ceteros
502 3729 632 3812 tocmue
664 3729 759 3810 bajus
789 3724 1019 3794 benefactores
1045 3725 1079 3790 in
1110 3725 1327 3793 fraternitatis
1349 3731 1471 3794 nostras
1494 3744 1582 3795 cern·

338 3831 533 3913 munionem,
569 3832 840 3917 quemadmodum
883 3819 1114 3896 condecentins
1153 3829 1360 3913 quiverimus,
1402 3833 1582 3914 suscipere.

338 3937 464 4004 Idcirco
488 3938 619 4019 dignum
649 3939 712 4004 rite
736 3936 963 4019 judicavimus,
991 3932 1181 4016 praescripto
1204 3933 1387 4002 fundatoris
1411 3936 1581 4017 vocabulo,

338 4039 609 4123 subsequentium
632 4059 762 4124 qnoque
784 4039 1027 4106 benefactorum
1047 4037 1179 4103 nomina
1199 4039 1370 4105 derivatim
1389 4040 1581 4122 exprimere,

339 4151 376 4211 ut
397 4146 642 4212 considerantes
674 4163 712 4210 en
740 4143 900 4210 vocabulo
923 4159 1035 4210 eorum
1057 4141 1224 4225 beneficia,
1248 4145 1334 4225 quod
1355 4146 1486 4212 nomina
1507 4145 1579 4210 illo·
1619 4161 1654 4208 as

337 4267 409 4315 rum
432 4251 473 4315 in.
487 4249 572 4315 libro
594 4250 670 4314 vitas
692 4253 879 4316 mereantur
911 4246 1040 4327 ascribi,
1069 4245 1223 4328 precibus
1242 4249 1404 4314 contenis
1426 4248 1581 4331 implore·

338 4369 420 4420 mus.
465 4353 660 4420 Fundatoris
684 4353 797 4436 gloria
819 4351 1172 4434 inprimtsponendum
1194 4351 1395 4433 vocabulum,
1418 4359 1456 4418 ut
1478 4354 1584 4420 sciant

339 4459 556 4539 subsecuturi,
587 4459 674 4540 quod
703 4457 829 4522 meritis
854 4455 942 4520 illius
968 4455 1087 4521 bonurn
1109 4455 1197 4521 istud
1223 4456 1287 4538 ipsi
1318 4457 1418 4522 etism
1444 4459 1583 4540 adipisci

338 4565 525 4645 meruerint,
546 4568 706 4645 quotenus
725 4561 758 4625 in
776 4561 839 4626 boc
858 4559 1030 4640 gaudeant,
1050 4561 1138 4640 quod
1164 4559 1295 4624 nomina
1321 4577 1433 4626 coram
1457 4562 1585 4644 scripta

271 4719 276 4730 .
338 4669 470 4736 suntin
493 4667 610 4734 coelis:
637 4666 696 4731 ubi
718 4673 791 4732 culn
825 4662 953 4729 Christo
987 4663 1178 4745 perveniant
1209 4664 1374 4745 regnaturi
1394 4666 1437 4732 in
1459 4667 1584 4734 secuta
1621 4691 1656 4740 ιο

342 4772 547 4838 seculorum.
592 4772 705 4838 Amen.

860 4971 1060 4983 ...w-a—
