3508 5426
1349 419 1393 484 111

155 611 175 663 si
192 627 235 662 eoa
253 625 382 676 nunqnam
401 608 508 662 antehoc
525 609 609 660 editos
620 613 646 658 et
657 622 716 658 enm
732 607 808 658 tineis
816 605 952 670 blattisque
970 606 1144 670 depugnantes
1157 604 1286 656 eletebris
1302 611 1329 656 et
1345 605 1395 654 situ

153 701 310 752 extraherem
330 715 360 750 ue
378 699 517 764 posteritati
537 697 697 748 vindicarent
733 689 857 756 (hdbeclr)
876 710 943 746 anno
962 691 1136 744 MDOXXIX
1156 695 1196 744 die
1208 692 1303 744 XVIII
1321 693 1394 756 Msji.

367 859 396 914 4.
438 857 543 914 Jonunt'
563 855 746 914 Kichruunno
768 854 800 912 S.
825 854 863 912 D.
889 853 1011 912 Joennes
1036 852 1179 910 Meterius.

187 1013 192 1022 ·
218 981 317 1030 literas
339 987 406 1036 tues,
430 981 467 1034 vir
491 979 636 1037 clarissime,
659 986 726 1027 recte
750 977 809 1025 mihi
835 977 943 1026 reddidit
969 975 1067 1038 college
1091 987 1161 1023 meus
1183 974 1216 1024 D.
1234 971 1396 1051 Qhristienue

155 1070 277 1119 Matthiae.
313 1069 353 1117 De
371 1068 493 1132 scriptore
512 1069 556 1117 illo
574 1076 689 1130 utroque,
707 1067 775 1128 quod
791 1065 903 1127 inquiris,
923 1070 1039 1112 neutmm
1058 1063 1190 1112 hebemus:
1210 1063 1296 1126 itaque
1315 1078 1395 1125 quan·

155 1166 205 1208 tum
221 1173 327 1223 possum
346 1137 441 1213 hortor,
460 1165 488 1206 nt
505 1157 573 1206 edas.
608 1155 763 1204 Benetlelum
786 1151 884 1202 debebit
903 1153 965 1202 sutis
984 1165 1101 1213 magnum
1121 1165 1172 1200 non
1195 1153 1320 1201 dnnmxet
1342 1153 1395 1202 lite·

154 1247 219 1296 reria
240 1245 392 1308 respublica,
417 1247 462 1295 sed
485 1254 510 1295 et
531 1245 617 1294 Datis
635 1245 753 1294 universa
769 1251 797 1292 et
819 1240 1202 1304 totumquetotumque
1224 1241 1250 1290 in
1273 1241 1394 1304 majorem

154 1335 257 1384 mudum
276 1335 423 1398 obstnnges.
460 1335 569 1387 Illustrie
593 1333 646 1382 dna.
666 1329 838 1382 Ceucsllarius
859 1328 913 1391 jum
936 1330 969 1376 nb
992 1329 1077 1390 aliquo
1099 1335 1214 1392 tempore
1235 1330 1261 1398 in
1284 1327 1396 1381 cimbris

155 1437 209 1470 cnm
224 1437 283 1484 rege
302 1423 355 1484 egit
372 1435 451 1484 neque
469 1423 538 1470 brevi
562 1422 697 1470 rediturus.
732 1419 782 1468 Ubi
802 1419 963 1478 occasionem
983 1415 1036 1478 ejus
1059 1417 1188 1465 salutandi
1207 1425 1297 1466 nucius
1315 1416 1395 1474 luero,

154 1511 203 1560 tuis
222 1509 306 1558 verbis
325 1495 386 1558 illud
406 1509 504 1559 luciam.
541 1509 611 1558 Sorae
629 1507 697 1556 XIII
715 1508 777 1556 Dec.
797 1503 1006 1556 MDCXXXIII.

249 1671 278 1725 5.
321 1667 425 1724 Jounni
444 1655 628 1724 Kectmonno
650 1666 681 1724 S.
707 1667 746 1724 D.
769 1663 921 1740 Septenos
942 1663 1098 1720 Jotonnnis
1120 1650 1295 1738 displicuisse.

219 1787 367 1840 ClarissIme
390 1789 436 1848 vir,
460 1791 540 1838 amice
563 1790 765 1852 exoptatissime,
791 1803 841 1837 uon
860 1788 943 1836 solum
961 1765 1041 1834 literne
1059 1799 1099 1834 me
1116 1793 1167 1834 tuse
1184 1787 1331 1836 incredebili
1352 1801 1396 1836 vo-

136 1877 248 1940 ·luptete
267 1875 439 1940 perfuderunt,
463 1885 551 1940 utpote
574 1878 666 1940 quibus
683 1893 698 1926 a
717 1883 788 1926 tento
807 1879 860 1925 viro
878 1876 942 1924 nihil
957 1875 1095 1936 jucundius
1114 1875 1227 1924 cocidere
1246 1875 1336 1938 potnit,
1353 1889 1397 1924 ve·
1448 1871 1455 1890 ‘

151 1979 207 2014 rum
226 1979 320 2028 magns
337 1979 395 2014 cum
412 1966 580 2015 delectatione
599 1966 668 2016 illem
687 1965 803 2028 epistolae
820 1971 916 2028 pentem
936 1965 994 2024 lem',
1012 1977 1065 2028 qne
1082 1975 1158 2026 penes
1178 1972 1202 2014 te
1215 1965 1395 2016 esseiudicusti

152 2043 349 2116 manuscriptam
368 2053 500 2103 historiam
517 2054 649 2116 cujusdam
658 2053 810 2114 Theoderici
830 2052 956 2109 monaehi,
972 2052 1015 2114 qui
1036 2051 1111 2100 vitem
1131 2053 1289 2116 quorundam
1309 2067 1396 2114 regum

151 2140 354 2204 Norragicorum
371 2142 477 2190 breviter
500 2142 640 2206 descripsit.
675 2141 738 2203 Ejus
752 2152 781 2189 ut
795 2141 937 2196 editionem,
957 2147 1078 2202 quentum
1097 2140 1122 2190 in
1143 2149 1175 2198 te,
1194 2140 1258 2190 serio
1277 2149 1397 2198 matures.

152 2228 251 2287 hortor,
272 2231 322 2278 imo
341 2231 419 2278 totius
437 2231 525 2292 petrice
543 2231 653 2286 nomine,
672 2229 778 2276 obsecro
796 2239 872 2291 atque
898 2228 1017 2276 obtestor.
1061 2227 1160 2288 Ingenti
1185 2228 1251 2276 enim
1274 2227 1397 2276 beneficio

153 2330 208 2365 eam
229 2317 274 2365 tibi
293 2318 426 2378 devincies,
446 2319 512 2366 edito
523 2327 574 2366 tem
587 2318 709 2380 praeiere
720 2317 878 2379 antiquitatis
896 2325 1069 2372 monumento,
1087 2329 1137 2378 qno
1154 2330 1201 2366 nos
1218 2323 1257 2365 tot
1275 2326 1396 2366 annorum

153 2405 286 2466 interjectu
309 2406 393 2454 neseio
410 2419 467 2470 qna
484 2405 593 2454 Istorum
616 2407 712 2454 invidie
738 2405 856 2453 fraudere
882 2405 1008 2454 sustinuit
1047 2404 1081 2452 Et
1104 2412 1133 2452 ut
1154 2406 1186 2454 ed
1210 2414 1315 2455 constes
1341 2415 1396 2454 tuos

153 2493 265 2544 seriores
289 2493 364 2544 veluti
387 2495 455 2544 iaces
477 2495 593 2550 subdam,
616 2502 767 2558 represents
788 2493 829 2542 hic
854 2492 899 2543 tibi
919 2490 1065 2542 Geronteon
1088 2493 1151 2545 illud
1176 2492 1309 2558 llorvsgim
1326 2509 1342 2543 a
1359 2495 1395 2546 M.

153 2580 274 2637 Iohanne
291 2581 397 2650 Martini
420 2582 615 2645 Slsngerupensi
640 2582 805 2645 panIestum,
832 2581 905 2642 eujus
932 2580 978 2630 tibi
1005 2583 1104 2644 copiam
1122 2581 1175 2630 ficri
1195 2582 1266 2646 petie.
1301 2582 1396 2634 Nullus

153 2669 268 2734 ambigo,
282 2670 341 2736 quin
355 2670 470 2722 instituto
485 2679 528 2720 tuo
547 2685 699 2736 magnopere
711 2671 828 2720 inservire
847 2676 932 2732 quest.
967 2669 1017 2718 Sed
1033 2685 1062 2720 ue
1079 2671 1184 2726 desolas,
1198 2680 1256 2718 ente
1270 2671 1397 2720 biennium

154 2754 304 2810 Chronicon
322 2757 455 2821 Norvegiee
473 2759 626 2808 luculentius
644 2759 669 2807 iu
683 2759 764 2807 lucem
779 2757 857 2806 edidit
870 2759 899 2805 cl.
914 2759 951 2805 vir
969 2758 1002 2806 D.
1013 2756 1090 2806 Olsns
1103 2755 1245 2815 wormius,
1263 2757 1397 2808 Medicinae

152 2845 178 2893 in
202 2845 287 2906 Regin
310 2846 439 2895 academie
468 2847 599 2896 Hulnicnsi
624 2845 750 2910 professor
776 2847 1002 2896 eminentissimus:
1027 2848 1095 2909 qnod
1114 2847 1134 2895 si
1153 2847 1185 2895 ad
1204 2860 1306 2896 menum
1330 2858 1395 2897 nune

151 2930 252 2990 irritem,
270 2931 362 2981 lubens
377 2935 580 2984 trensmIsissem.
615 2933 714 2984 Dabam
732 2934 802 2984 Serre
820 2935 883 2984 Idib.
900 2935 954 2984 Iul.
973 2933 1181 2984 MDOXXXIV.

560 3095 588 3152 6,
633 3093 692 3152 Fra
713 3113 813 3152 semme
834 3096 864 3150 ot
882 3113 989 3154 semme.

224 3213 375 3265 Oleriesimc
392 3214 426 3264 D.
445 3215 626 3275 illectionum,
647 3216 728 3266 amice
750 3216 898 3272 fidelissima
915 3218 998 3280 gretie
1021 3217 1236 3286 conjunctissime,
1259 3219 1399 3269 communi·

154 3303 223 3350 cavit
247 3317 345 3350 mecum
369 3319 448 3366 nuper
471 3305 609 3354 amicornm
635 3306 736 3368 quidam
761 3306 835 3354 biuos
855 3306 1040 3367 manuscriptos
1059 3313 1189 3376 tracturus,
1208 3320 1314 3368 quorum
1334 3306 1399 3355 ulter

153 3389 284 3454 Anonymi
304 3399 357 3438 eret
375 3389 405 3438 d'e
424 3392 513 3441 itinere
532 3409 547 3440 a
569 3392 652 3442 Dunis
676 3393 805 3442 nonnullis
830 3392 1034 3456 Hierosolymam
1058 3402 1186 3456 suscepto,
1204 3391 1276 3456 cujus
1298 3392 1398 3463 inimum

132 3477 220 3527 ·tale:
240 3476 332 3541 Incipit
351 3479 467 3540 EpIst'olu
489 3481 616 3544 sequentis
638 3482 728 3545 operis.
768 3481 915 3529 Reverendo
933 3489 957 3529 et
981 3481 1108 3542 dilligendo
1127 3481 1239 3530 Domino
1258 3479 1286 3531 O.
1308 3481 1399 3530 Frater

154 3565 189 3615 X.
214 3565 361 3616 canonicus
387 3567 496 3617 debitum
520 3570 545 3617 in
569 3567 684 3618 omnihus
713 3564 894 3617 obedientlam!
920 3567 1029 3618 Multum
1055 3568 1115 3617 mihi
1139 3567 1222 3617 fateor
1239 3569 1348 3618 contulit
1366 3571 1398 3618 td

155 3653 235 3702 vestri
254 3655 372 3704 notitiem
388 3657 532 3718 pervenisse
555 3659 612 3707 dse‘
639 3657 734 3722 Incipit
749 3657 884 3721 prologus:
908 3656 1070 3718 Superduum
1094 3671 1153 3706 reor
1174 3670 1295 3706 novarum
1315 3671 1396 3706 rerum

156 3751 264 3790 eventus
282 3742 379 3792 incultu
398 3759 512 3794 sermone
536 3747 676 3810 depingere.
714 3744 835 3796 Continet
856 3744 963 3794 XXVII
987 3747 1078 3808 capite.
1114 3745 1147 3794 Et
1164 3743 1227 3808 Cep.
1245 3745 1271 3793 V
1289 3747 1399 3794 occurrit

155 3845 210 3880 vox
231 3830 279 3880 illu
296 3831 403 3903 barbare
425 3830 592 3906 Gemobndin,
616 3835 646 3882 de
668 3849 721 3898 qus
743 3843 767 3883 te
791 3843 865 3884 entes
887 3849 927 3884 mc
950 3833 1107 3884 consuluisse
1131 3833 1241 3882 memini.
1279 3834 1314 3882 Et
1336 3833 1398 3898 Cup.

155 3917 206 3978 XI,
225 3917 267 3967 nbi
286 3919 315 3968 de
334 3920 435 3968 civitate
454 3921 573 3984 Bergensi
593 3930 618 3972 et
635 3923 757 3970 seditione
775 3923 809 3970 ibi
829 3921 896 3971 Iacto
913 3937 957 3986 pcr
976 3923 1065 3970 Denos
1085 3923 1146 3983 ugit,
1165 3921 1264 3970 Snnctee
1278 3921 1398 3972 Sunnivae

157 4015 181 4054 et
198 4006 306 4072 piscium
325 4005 419 4056 Screits
437 4009 592 4058 mentionem
612 3991 678 4059 iecit.
716 4007 778 4072 Cep.
798 4007 865 4058 XVI
888 4001 1046 4072 proveibium
1066 4018 1136 4058 extat
1154 4011 1284 4072 untIquum
1304 4007 1400 4059 Norve'·

157 4093 242 4154 ginm:
266 4093 382 4144 Bihande
404 4097 451 4158 byr
474 4099 540 4160 elgo,
559 4113 589 4146 eu
603 4087 697 4147 'trader
714 4097 772 4146 and'
792 4097 866 4146 rod'r.
907 4095 942 4146 lit
965 4095 1026 4160 Cep.
1048 4095 1127 4147 xlx:
1150 4097 1224 4146 Fnstr
1241 4095 1306 4146 er'e
1330 4095 1399 4146 Ioldo

155 4179 223 4232 leur.
258 4181 334 4232 Alter
350 4197 418 4232 vero
434 4186 516 4236 codex
538 4186 867 4248 complectitnrhistoriam
890 4185 1041 4234 Theoderici
1060 4185 1228 4236 monachide
1245 4179 1399 4250 ertiqntsite

156 4273 248 4331 regium
265 4269 485 4332 NorvngIensinm,
503 4275 612 4336 quaesit
630 4275 730 4338 incipit:
758 4274 868 4324 Domino
886 4271 908 4318 &
925 4274 990 4337 patri
1008 4289 1055 4323 suo
1070 4275 1276 4350 reverendissimo
1296 4275 1400 4337 Auge·

158 4357 246 4430 stine
268 4355 424 4424 Nidrotiensi
448 4361 651 4426 Archiepiecopo
675 4363 848 4414 Theodericus
870 4362 973 4429 humilis
1000 4369 1126 4426 peccetur,
1154 4364 1243 4411 debitus
1269 4365 1400 4430 servitutis

157 4443 342 4520 subjectionem
361 4455 387 4527 ενι
403 4449 698 4520 οταιὶοηηιηιειιῌτειςὶα.
740 4451 830 4514 Operae
852 4451 960 4514 pretium
980 4451 1051 4509 duxi,
1068 4451 1106 4498 vir
1125 4449 1299 4508 illustrissime,
1317 4466 1398 4514 penes
1490 4463 1493 4469 ·

155 4533 209 4608 hoc
229 4533 261 4582 dc
279 4521 428 4600 autitpiiiete
452 4524 540 4600 regum
562 4525 771 4602 Norvegiensium
795 4539 903 4587 breviter
921 4547 1040 4587 annotare
1059 4537 1102 4586 &c
1139 4537 1287 4600 Absolvitur
1305 4517 1400 4602 Cupiti-

156 4621 206 4670 bus
224 4615 355 4672 XXXIV.
388 4623 450 4698 Cup·
470 4626 480 4674 I
500 4627 531 4674 de
549 4622 661 4675 Huraltlo
680 4615 783 4690 pulchre
806 4637 914 4676 connato.
951 4621 1074 4675 Ultimum
1093 4626 1123 4674 de
1142 4625 1256 4675 Hercldo
1275 4625 1401 4689 Hyherui-

158 4709 220 4760 snei.
256 4710 317 4790 lem
333 4709 417 4760 nullus
433 4711 523 4762 dubito
542 4715 600 4776 quic
619 4715 692 4763 iidem
711 4716 813 4764 omuino
836 4716 887 4763 sint
904 4719 1025 4764 tractatus
1043 4715 1074 4763 de
1092 4714 1184 4776 quibus
1201 4716 1293 4840 pppius
1312 4717 1343 4763 td
1359 4729 1399 4768 me
