3448 5428
358 409 421 472 278

358 603 422 662 bra.
479 599 711 661 Ordinabantur
744 600 933 660 sacerdotes.
966 599 1196 660 fabricabantur
1226 601 1366 660 ecclesie.
1424 583 1599 662 offerebant

362 709 489 768 donaria
508 706 615 784 populi
645 725 711 764 cum
731 705 896 764 deuotione
920 708 952 762 et
972 705 1141 764 alacritate.
1184 705 1418 768 Erubeseebaut
1439 706 1598 781 ydolorum

358 813 503 874 cultores.
538 810 805 871 confundebantur
839 810 892 886 qui
926 809 1123 868 confidebant
1153 812 1181 868 iu
1206 812 1352 888 sculptili.
1377 817 1408 870 et
1430 812 1598 871 infidelium

358 919 507 996 depressa
539 914 746 974 multitudine.
780 916 896 992 mugire
930 935 990 973 uon
1025 917 1142 975 audens
1170 919 1267 976 omnis
1290 918 1438 994 iniquitas
1462 917 1600 994 opilabat

357 1044 392 1084 os
416 1042 515 1082 suum.
558 1021 727 1079 Exultabat
755 1041 807 1078 rex
837 1021 908 1098 plus
940 1041 1029 1098 quum
1059 1021 1144 1080 eradi
1173 1026 1287 1096 potest.
1312 1023 1449 1081 laborum
1474 1042 1597 1082 auorum
1645 1027 1657 1068 5

357 1129 550 1206 gratissimos
572 1126 692 1184 fructus
715 1126 774 1183 ism
796 1127 828 1184 in
850 1128 989 1201 presenti
1012 1128 1199 1202 percipiens.
1244 1126 1311 1186 Non
1335 1129 1480 1187 cessabat
1497 1132 1598 1186 autem

355 1233 532 1293 indefessus
568 1230 721 1306 euangelii
754 1229 941 1305 predicator.
974 1251 1054 1291 nuno
1088 1233 1262 1292 obstinatos
1292 1235 1485 1292 conuineere.
1518 1253 1599 1292 nunc

356 1323 451 1398 rudes
473 1339 639 1396 instruere.
672 1354 752 1394 nuno
785 1337 816 1393 in
845 1335 905 1394 fide
934 1341 1058 1394 teneros
1081 1337 1272 1396 confirmare.
1316 1338 1417 1397 Nicbil
1438 1340 1518 1414 regii
1539 1339 1600 1396 fas·

355 1447 416 1502 tus.
457 1443 552 1502 nichil
583 1440 754 1517 tyrannidis
782 1442 815 1499 iu
845 1459 918 1501 suos
945 1441 1109 1500 exercebat
1141 1442 1293 1502 subditos.
1331 1445 1423 1501 immo
1456 1445 1599 1502 omnibns

356 1549 496 1626 exempla
524 1567 630 1622 magne
665 1546 844 1605 humilitatis
879 1549 911 1604 et
942 1547 1184 1606 mansuetudinis
1216 1549 1376 1623 prebebat.
1425 1551 1459 1606 ln
1493 1549 1598 1608 futuro
1633 1547 1658 1591 ¹⁰

357 1657 450 1714 etiam
471 1653 640 1730 prouinciis
671 1652 782 1729 quibus
812 1655 937 1728 preerat
966 1651 1144 1727 prouidens.
1174 1673 1213 1712 ue
1236 1653 1405 1713 nobiliores
1430 1656 1544 1731 quique
1569 1660 1600 1712 et

356 1760 549 1836 potentiores
578 1777 635 1834 per
664 1758 833 1834 potentiam
862 1757 1039 1817 humiliores
1070 1759 1290 1833 opprimerent
1312 1759 1398 1834 legas
1422 1760 1544 1818 diuinas
1568 1764 1600 1818 et

355 1865 503 1923 humanas
525 1863 621 1921 multa
642 1863 750 1938 plenas
774 1863 928 1939 sapientia
946 1867 977 1921 et
996 1864 1072 1921 mira
1090 1865 1277 1940 compositas
1294 1845 1483 1924 discretione
1502 1867 1598 1942 scrip-

355 1971 405 2029 sit.
436 1973 466 2028 aa
495 1969 712 2046 promulgauit.
756 1969 790 2026 Iu
820 1968 882 2027 illis
906 1970 997 2027 etiarn
1022 1973 1169 2047 qnantum
1189 1969 1297 2027 liceret
1320 1971 1449 2047 prelatis
1465 1972 1503 2028 ‹in
1529 1971 1598 2028 sub·

352 2076 451 2134 iactos
485 2077 517 2133 et
550 2076 694 2151 queniam
727 2074 859 2133 subiecti
892 2077 1096 2132 reuerentiam
1128 2073 1309 2132 exhiberent
1342 2093 1415 2150 arga
1448 2075 1597 2151 prelatos.
1632 2069 1657 2114 ¹5

354 2181 447 2240 certis
479 2179 629 2238 limitibus
660 2179 817 2238 discrerit.
861 2179 908 2238 Ibi
937 2180 1185 2239 modestissimus
1209 2184 1241 2237 et
1262 2181 1446 2256 equissimus
1471 2180 1597 2240 arbiter.

353 2287 512 2362 sapienter
544 2285 743 2344 considerans
777 2286 957 2362 plerumque
990 2288 1072 2362 regis
1101 2288 1257 2362 potestate
1287 2283 1346 2342 sibi
1377 2305 1527 2344 concessa
1549 2306 1598 2344 au·

352 2390 449 2468 perbe
472 2389 557 2450 abuti
576 2391 608 2448 in
632 2390 782 2449 subditos.
805 2391 906 2465 legum
923 2392 1024 2466 rigore
1044 2390 1178 2466 regalem
1197 2389 1353 2448 cohercuit
1375 2394 1407 2448 et
1430 2391 1599 2449 refrenabit

350 2496 515 2556 licentiam.
567 2495 601 2554 In
634 2495 697 2554 illis
730 2495 853 2572 legibus
887 2495 984 2553 claret
1016 2514 1106 2572 qnam
1135 2495 1287 2554 sollicitus
1311 2514 1384 2570 erga
1406 2496 1597 2573 religionem.

353 2621 442 2680 quarn
466 2603 597 2661 deuotus
621 2619 695 2677 erpa
716 2600 815 2660 deum.
841 2619 930 2677 quam
950 2600 1103 2678 benignus
1126 2620 1199 2677 erga
1221 2601 1391 2677 proximum
1411 2619 1467 2659 rex
1484 2603 1597 2678 glorio·
1630 2612 1657 2654 tt

351 2725 405 2765 sus
428 2706 579 2766 extiterit:
615 2706 766 2783 explicari
797 2705 902 2764 uerbis
936 2725 996 2764 non
1029 2709 1135 2782 potest
1162 2710 1278 2782 quante
1299 2705 1450 2765 beneficia
1471 2708 1596 2784 populis

350 2811 413 2870 illia
436 2812 576 2872 contulit.
600 2816 746 2890 quantum
774 2810 892 2885 profuit
921 2811 990 2870 dom
1019 2811 1145 2888 prefuit.
1175 2816 1207 2870 et
1235 2813 1266 2869 in
1290 2811 1528 2888 prolongatione
1550 2814 1596 2871 le-

351 2935 422 2993 gum
452 2937 487 2976 ao
517 2919 741 2978 sustentatione
771 2933 950 2992 pauperum.
978 2918 1010 2974 iu
1038 2917 1222 2976 assiduitate
1244 2917 1467 2992 predicationis
1491 2920 1525 2974 et
1547 2937 1597 2976 ax-

351 3021 452 3097 amplo
474 3041 529 3081 sue
552 3023 745 3082 sanctissime
770 3022 1022 3081 conuersationis.

434 3118 471 3184 Β.
499 3120 631 3185 Interea
663 3138 797 3202 ragnum
827 3119 919 3184 danie
943 3117 1004 3183 sibi
1031 3123 1065 3183 et
1087 3137 1145 3183 suo
1177 3135 1331 3199 germano
1356 3120 1484 3186 cecidit.
1530 3123 1594 3189 Sed
1628 3132 1654 3179 2⁵

348 3225 467 3290 beatus
491 3223 614 3306 Olenus
638 3241 790 3306 germano
813 3241 872 3289 suo
895 3223 1032 3288 multum
1052 3240 1170 3288 exosus
1192 3222 1376 3288 habebatur
1394 3244 1432 3288 ax
1450 3245 1489 3292 ec
1507 3229 1594 3310 quod

350 3327 548 3394 christianus
584 3327 717 3394 effectus
740 3329 810 3394 fuit.
836 3329 888 3393 cni
912 3334 947 3393 et
968 3328 1069 3392 frater
1099 3328 1188 3392 dixit.
1212 3333 1248 3393 tu
1278 3329 1380 3393 miser
1400 3335 1434 3394 et
1457 3331 1594 3398 deorum

348 3437 535 3498 nostrorum
557 3439 770 3515 contemptor.
802 3451 866 3498 nou
889 3432 990 3498 debes
1014 3450 1088 3498 esse
1110 3437 1147 3498 ut
1167 3452 1223 3500 rex
1245 3433 1435 3500 honoratus,
1459 3437 1518 3502 sed
1542 3440 1593 3503 cui

347 3537 531 3605 seductoris
561 3540 674 3604 miseri
700 3538 812 3605 christi
837 3536 979 3605 crucifixi
1002 3539 1033 3601 in
1057 3537 1184 3603 uilitate
1208 3557 1244 3603 ac
1266 3545 1462 3620 paupertate
1486 3541 1594 3608 imita·

347 3647 408 3708 tor.
454 3642 511 3709 Oui
534 3644 650 3711 beatus
681 3643 803 3709 Olauns
834 3643 1006 3725 respondit
1035 3642 1068 3706 Si
1098 3641 1218 3708 dilecto
1251 3661 1323 3708 meo
1356 3645 1402 3709 ita
1432 3644 1594 3726 placuerit
1626 3655 1653 3699 ³0

347 3753 425 3814 tune
448 3748 600 3815 uoluntas
623 3768 695 3816 mea
717 3750 764 3816 ita
787 3749 858 3815 erit.
909 3747 969 3812 Oui,
993 3747 1134 3812 christus
1159 3747 1215 3812 illa
1237 3753 1334 3814 uncte
1356 3754 1512 3830 tauquam
1536 3770 1594 3817 rex

347 3853 500 3935 apparuit
533 3855 654 3920 dicens.
710 3853 891 3919 Karissime
921 3852 1024 3918 Olane
1053 3852 1127 3916 nolu
1158 3854 1243 3933 quod
1268 3858 1303 3918 tu
1325 3855 1497 3936 possideas
1519 3873 1592 3936 rag-

345 3976 422 4024 num
451 3958 552 4025 dacia.
587 3960 673 4040 qnod
703 3959 799 4023 michi
830 3957 869 4022 ad
900 3956 998 4022 fidam
1027 3975 1132 4022 meam
1156 3963 1339 4024 conuertas.
1392 3958 1513 4024 Volane
1536 3978 1592 4024 au·

346 4067 412 4128 tem
446 4062 563 4128 beatus
592 4064 713 4128 Olauus
747 4065 794 4128 ire
828 4069 941 4127 contra
978 4061 1110 4127 fratrem
1146 4080 1240 4127 suum
1275 4065 1421 4145 recipere
1454 4083 1589 4146 regnum
1619 4141 1620 4144 Ἴ

344 4168 514 4250 norwegie.
549 4169 645 4234 iussit
678 4174 776 4233 naute
809 4169 963 4248 nauigare
992 4173 1082 4232 trans
1109 4173 1237 4232 montes
1272 4169 1312 4232 ad
1335 4169 1501 4234 ciuitatem
1526 4189 1590 4250 que
1623 4192 1651 4236 aa

344 4277 483 4368 necatur
519 4274 677 4340 Dronten.
716 4273 771 4338 ubi
811 4277 882 4336 erat
913 4291 970 4336 rex
1004 4277 1191 4337 coronatus.
1223 4274 1279 4354 qui
1313 4275 1588 4340 montes-statim

344 4378 450 4459 aperti
484 4383 561 4444 sunt
593 4397 653 4460 per
685 4379 809 4459 siguum
845 4377 950 4461 erucis
973 4375 1094 4441 factum
1115 4377 1155 4442 ab
1177 4395 1227 4442 eo.
1273 4377 1366 4444 Unde
1390 4379 1533 4444 scissura
1555 4380 1589 4444 in

344 4485 455 4548 mente
478 4483 600 4550 mansit
621 4501 727 4565 usque
753 4484 785 4548 in
813 4481 1002 4547 hodiernum
1026 4481 1111 4548 diem
1135 4481 1217 4546 Post
1237 4482 1299 4547 boe
1322 4483 1440 4549 beatus
1464 4485 1589 4550 Olenus

345 4592 379 4653 et
400 4605 479 4655 suus
499 4607 671 4671 germanus
693 4589 889 4668 legationem
907 4587 948 4651 ad
973 4587 1099 4652 deciam
1119 4587 1278 4652 miserunt
1295 4593 1332 4652 ut
1349 4605 1445 4668 quern
1466 4588 1589 4670 eligere

342 4693 466 4759 uellent
486 4711 545 4776 pro
568 4711 627 4760 sne
650 4712 728 4775 rege
752 4695 799 4759 als
823 4691 1061 4758 renunciarent.
1085 4745 1089 4752 .
1110 4691 1172 4770 Qui
1194 4692 1447 4774 responderunt.
1492 4693 1587 4759 Illum
1621 4714 1649 4759 re
