3524 5424
285 433 452 484 HISTORIA
469 431 517 482 DE
535 429 773 488 sarlenlrsrs
789 431 912 484 REGUM
931 432 1245 487 reoswscfflrrswm.
1343 437 1383 498 23

152 635 221 682 enm
254 615 356 682 inissa
388 617 599 697 provectioris
622 615 738 694 atatis,
776 617 902 697 quoodo
933 618 1087 700 martyrio
1125 621 1296 681 coronatas
1327 621 1383 694 est,

153 723 257 805 [qnam
280 721 326 786 illi
350 721 482 798 dicant¹,
507 722 624 802 qulbus
647 720 785 786 maxime
808 723 840 786 in
863 723 959 804 hujus
983 721 1071 786 modi
1105 721 1300 786 credendum
1324 728 1383 787 est.

150 824 228 891 Nac¹
251 826 365 890 mirum
389 825 544 890 deOlavo
568 827 629 890 lroc
652 826 827 906 contigisse
851 827 882 890 in
907 826 1071 904 Claterna,
1096 825 1151 890 ubi
1174 825 1280 889 nullos
1303 827 1385 890 anti·

152 932 307 1012 quitatum
330 944 471 1011 unquam
494 931 636 1013 scriptor
657 929 763 1004 inerit,
788 931 968 995 cumidem
991 931 1113 996 scrIbnt
1135 931 1252 995 beatus
1270 930 1385 994 Hiero·

109 1043 122 1088 ⁵
152 1053 258 1116 nymns
288 1035 328 1100 de
362 1035 575 1099 Constantino
609 1043 724 1116 magno
746 1033 814 1098 fillo
848 1035 1028 1102 Constantii
1062 1041 1097 1100 et
1132 1035 1274 1113 Helenae,
1297 1035 1384 1115 quod

151 1141 274 1221 quidam
300 1139 409 1203 dicant
430 1157 502 1202 eum
525 1138 684 1220 Bithyniae
709 1140 906 1221 baptizatum
941 1139 1043 1205 tuisse
1065 1141 1097 1204 in
1128 1139 1242 1204 ultime
1274 1157 1385 1203 senac-

150 1249 224 1326 tate‚
248 1245 301 1310 alii
325 1243 614 1324 Constantinopoli,
637 1244 769 1324 quidam
784 1245 905 1308 Romae
929 1263 948 1308 a
975 1245 1071 1310 beato
1096 1244 1260 1328 sylvestro
1290 1261 1384 1326 papa,

151 1354 181 1413 et
202 1348 333 1414 adhuc
356 1348 589 1430 subjudice
612 1348 663 1412 lis
688 1351 843 1431 estquis
867 1351 974 1414 verius
998 1349 1176 1431 scripserit.

363 1619 438 1700 Cap.
465 1619 547 1684 XIV.
594 1619 642 1682 Dc
667 1623 771 1684 morte
796 1619 887 1684 Clavi
911 1619 969 1698 lilii
991 1618 1163 1702 Tryggra³.

95 1815 120 1859 1⁰
227 1806 350 1885 Quinto
375 1825 452 1888 ergo
476 1824 560 1872 anno
583 1807 674 1888 regni
699 1806 791 1872 Clavi
814 1805 872 1872 filii
906 1805 1076 1891 Tryggra³,
1100 1807 1152 1890 qui
1188 1812 1221 1871 'et
1254 1805 1386 1871 ultimus

149 1909 213 1991 luit,
236 1912 417 1992 intulerunt
437 1912 466 1975 ei
491 1908 611 1976 bellum
635 1911 771 1978 Sucino⁴
793 1931 851 1976 rex
873 1911 991 1991 Dacia,
1016 1912 1135 1980 Clavus
1158 1930 1214 1976 rex
1234 1910 1385 1990 Svethiac,

148 2015 256 2080 llricus
279 2013 365 2082 filins
388 2015 501 2080 Hacon
522 2016 606 2094 mali,
632 2022 760 2082 etcum
797 2003 892 2097 (proh
926 2017 1030 2096 dolor)
1062 2015 1156 2082 nimis
1189 2017 1384 2098 imparatum

148 2120 352 2200 invenerunt3
374 2139 448 2186 nam
472 2137 544 2187 cnm
567 2121 716 2186 undecim
739 2125 866 2186 tantum
888 2121 1023 2188 navibus
1046 2118 1166 2186 dicitnr
1186 2121 1289 2186 fnisse
1308 2137 1382 2185 con-

213 2349 219 2377 ¹
239 2350 289 2400 AS.
310 2348 337 2399 K
353 2349 451 2400 rettede
469 2349 513 2399 til:
532 2350 741 2414 quemadmodum
759 2349 800 2400 illi
812 2351 907 2401 dicunt.
945 2351 1005 2405 2A.
1022 2351 1090 2404 naS.
1127 2321 1308 2401 ’rettetefter
1321 2349 1382 2411 Cap.

148 2435 190 2492 IV.
207 2435 326 2506 'l'ryggya
342 2435 399 2490 ΑΚ.
417 2435 529 2508 Τιγςςίᾳ
547 2438 573 2490 S.
608 2435 723 2491 *rottet
742 2437 826 2490 Sneno
844 2437 922 2492 ΑΚΒ.

149 2613 157 2669 i
177 2611 326 2688 England,
351 2613 388 2670 da
411 2631 478 2670 maa
497 2612 557 2670 han
580 2612 655 2670 have
678 2616 773 2670 vaerat
796 2613 888 2670 oeldre
911 2613 981 2672 ved
1004 2615 1062 2671 sin
1084 2613 1190 2672 Daab
1226 2612 1285 2670 end
1313 2612 1383 2669 hina

149 2713 184 2786 (⁰²
204 2707 458 2793 Isloendingerne)
483 2719 556 2792 sIge,
580 2717 668 2774 hvem
689 2732 758 2776 man
782 2716 873 2775 eIlers
896 2722 975 2776 mest
997 2739 1064 2777 maa
1092 2718 1212 2777 ferleda
1245 2719 1293 2792 sig
1326 2735 1385 2792 psa

148 2823 331 2882 isaadanns
352 2823 430 2898 Ting
459 2841 523 2881 som
545 2821 757 2897 Tidsregning.
803 2823 913 2898 quondo
935 2825 1059 2898 martyrio
1088 2829 1230 2882 comnotus
1251 2831 1290 2880 sot
1318 2841 1385 2879 mna

149 2947 221 2986 vare
245 2947 282 2986 sn
305 2928 539 3003 Interpolation‚
562 2927 607 2984 tbi
628 2927 727 2984 banda
750 2927 837 2986 faran
860 2947 900 3003 og
920 2928 1062 3003 bagsfter
1085 2948 1118 2985 er
1147 2927 1203 2987 der
1229 2928 1291 2986 kun
1311 2925 1383 2985 Tala

151 3051 195 3090 om
217 3032 308 3092 Olavs
332 3025 428 3102 Ilaab,
451 3032 523 3089 ikke
546 3051 592 3090 om
616 3031 795 3118 hansyDnd.

227 3139 256 3194 4.
301 3137 411 3194 beatas
435 3127 650 3211 Hieronymus]
675 3138 729 3194 cfr.
766 3137 942 3212 Hieronymi
976 3156 1072 3214 opera
1094 3157 1155 3196 rsc.
1179 3138 1281 3214 Migna
1305 3137 1382 3208 VIII,

151 3243 220 3300 ore:
264 3225 483 3301 Constantinus
513 3244 646 3322 extremo
669 3244 739 3299 vitm
763 3261 826 3300 suaa
854 3245 992 3319 tempore
1027 3241 1064 3300 ab
1084 3242 1223 3302 musena>
1245 3243 1384 3301 Nicoma·

151 3347 243 3415 diensi
272 3348 421 3424 episcopo
444 3345 617 3422 baptizatus
640 3348 671 3403 in
695 3347 832 3404 arianum
856 3347 965 3422 dogma
988 3347 1135 3406 declinat:
1164 3335 1183 3404 a
1206 3367 1265 3425 qno
1288 3367 1386 3423 usqua

150 3451 177 3508 in
198 3470 335 3527 prmseos
364 3455 486 3527 tempus
509 3429 706 3532 ecclesiarum
740 3453 856 3528 rapinas
892 3456 923 3508 at
953 3455 1049 3512 totius
1082 3453 1165 3511 orbis
1199 3456 1248 3510 est
1280 3455 1387 3510 secuta

152 3554 309 3614 discordia.

229 3661 256 3718 7.
303 3661 432 3718 abesto
455 3657 610 3734 Sylvestro
634 3652 729 3736 papa]
764 3661 943 3736 Legenden
964 3681 1012 3719 om
1047 3661 1242 3720 Constantius
1274 3661 1386 3719 under-

150 3763 227 3822 fnlds
248 3764 452 3823 Helbredelse
474 3765 533 3823 red
555 3764 690 3836 Boeben,
715 3785 747 3823 se
770 3765 841 3823 Vita
854 3755 1003 3839 Sylvestri
1017 3763 1085 3837 (bos
1100 3765 1216 3837 Sarius,
1233 3767 1268 3825 31
1283 3763 1385 3836 Deo).

152 3867 201 3926 Cm
223 3869 422 3929 Constantina
446 3869 532 3928 Daab
554 3871 692 3927 beretter
714 3870 848 3928 allsrede
873 3871 967 3941 Beda,
995 3871 1031 3928 ds
1054 3875 1226 3947 temporum
1248 3873 1384 3928 ratione:

155 3971 386 4041 „Constantinus
417 3973 493 4032 fecit
525 3975 656 4044 Romae,
692 3974 757 4032 ubi
790 3975 1025 4051 baptizatus
1060 3982 1130 4049 est,
1164 3975 1322 4033 basilicam
1355 3975 1384 4032 b.

152 4075 270 4137 Ioannis
293 4079 451 4154 Baptistae,
476 4097 543 4154 quae
567 4079 723 4154 appellata
746 4085 795 4136 est
827 4075 1109 4151 ConstantIniana“,
1143 4078 1261 4138 hvilket
1294 4080 1385 4136 sitor-

153 4179 286 4241 haanden
308 4160 479 4242 udvidedes
502 4185 523 4242 f.
546 4183 602 4242 Ex.
626 4185 658 4241 al
678 4184 766 4259 Hngo
789 4185 821 4242 at
841 4183 989 4259 Florigny
1011 4187 1020 4241 i
1043 4185 1119 4242 bans
1133 4183 1305 4243 Chronioon
1329 4177 1383 4258 (M.

154 4283 185 4342 G.
207 4283 269 4344 Sor.
282 4287 362 4358 VIII,
387 4281 475 4361 2950:
502 4288 642 4347 Secundo
664 4309 743 4348 anno
768 4293 840 4364 post
864 4307 953 4364 qnam
966 4287 1186 4346 Constantinus
1211 4332 1217 4345 .
1242 4329 1248 4344 .
1272 4287 1384 4347 Urbem

154 4394 272 4466 recepit,
296 4411 367 4467 por
389 4392 581 4452 Silvestri
604 4413 710 4471 papae
733 4393 1069 4469 pradicationem
1099 4392 1139 4450 ad
1160 4382 1250 4450 fidem
1270 4391 1385 4450 Christi

155 4511 313 4554 conversus
347 4501 396 4554 est
428 4502 459 4554 et
491 4498 564 4554 fecit
590 4497 704 4570 Romae,
737 4499 790 4556 ubi
813 4498 988 4572 baptizatus
1019 4502 1075 4568 est,
1102 4498 1262 4556 basilicam
1283 4497 1312 4555 b.
1333 4497 1384 4555 Jo-

156 4596 260 4658 hannis
282 4601 438 4676 baptista,
463 4619 529 4676 quaa
554 4601 728 4678 appellatur
751 4603 1011 4661 Constantiniana.
1219 4583 1221 4586 ⁵

237 4707 264 4764 8.
310 4705 410 4763 adhuc
435 4705 614 4780 subjudice
637 4707 675 4764 lis
699 4698 761 4782 est]
785 4708 903 4766 Horatii
926 4684 1004 4786 Epp.
1029 4707 1066 4779 II,
1092 4709 1118 4779 3,
1145 4710 1192 4764 78.
