3496 5424
246 901 357 968 Anno
381 899 426 966 ab
448 901 741 971 incarnatione
762 900 914 968 domini
937 900 1077 966 nostri
1099 900 1221 968 Ibesu
1243 901 1398 968 Christi

161 1005 615 1075 moxhv1mndateestin
646 1006 773 1074 honore
805 1009 927 1072 sanctae
960 1004 1014 1072 dei
1045 1005 1221 1086 genetricis
1254 1023 1398 1088 semper-

162 1128 225 1191 que
249 1110 381 1192 virgiuis
403 1110 515 1178 Marica
535 1109 667 1176 abbatia
689 1109 723 1174 in
739 1111 906 1178 territorio
927 1108 1135 1191 Bergineusi,
1158 1109 1239 1189 loeo,
1263 1109 1318 1193 qui
1339 1109 1399 1178 lin·

162 1215 394 1296 gusNorrensi
416 1216 533 1298 hysa,
549 1214 666 1282 Latina
687 1214 768 1284 Lux
788 1215 980 1298 appellatur.
1024 1213 1130 1298 Hujus
1152 1232 1229 1282 vero
1250 1214 1399 1282 coenobii

115 1346 129 1392 s
164 1318 343 1404 [fundator]
382 1318 600 1401 siwardus,
635 1320 777 1386 virorum
810 1318 1057 1400 insignissimus,
1087 1320 1299 1389 Nomeneium
1330 1321 1399 1402 qui·

162 1424 235 1490 dem
256 1425 433 1506 primomm
455 1425 556 1492 nobili
583 1425 737 1508 prosapia
760 1425 925 1505 oriundus,
947 1424 1158 1506 Bergiuensis
1179 1442 1256 1492 vero
1278 1425 1398 1507 praesul

162 1529 270 1594 extitit
292 1529 578 1596 affluentissimus.
630 1530 663 1596 Is
686 1534 794 1596 autem
814 1529 891 1596 fidei
913 1547 978 1598 uon
1006 1530 1092 1596 fictae
1120 1529 1228 1598 calore
1257 1547 1399 1612 superno

160 1649 340 1715 respersus,
367 1634 537 1715 religionis
568 1637 693 1702 sincere
722 1638 855 1717 optatur
881 1633 1096 1715 avidissimus,
1128 1639 1238 1704 mente
1259 1653 1399 1717 perpen-

161 1738 240 1804 dens
268 1739 388 1820 sagaci,
421 1740 469 1804 uti
501 1741 551 1806 vir
586 1744 749 1807 strenuus·
763 1738 947 1821 ingeniique
976 1739 1170 1809 sollertioris
1198 1746 1233 1808 et
1254 1740 1400 1808 enervos

98 1883 127 1931 10
160 1843 317 1924 scientim,
352 1843 499 1911 ordinem
521 1844 676 1912 videlicet
696 1845 923 1912 cisterciensis
947 1846 1169 1913 consonantis
1191 1846 1401 1932 regulamque

158 1947 249 2013 beati
277 1947 448 2015 Benedicti
482 1949 600 2017 ceteris
634 1965 694 2032 pro
728 1967 796 2016 suae
829 1949 981 2033 puritatis
1014 1949 1131 2018 memte
1163 1950 1401 2032 praeierendum

158 2050 342 2120 ordinibus:
375 2054 519 2120 evocatis
543 2054 584 2120 de
607 2055 742 2120 remotis
765 2055 890 2136 Angliee
911 2055 1030 2120 finibus
1053 2055 1201 2137 eJusdem
1232 2055 1401 2138 religionis

157 2157 397 2238 probatissimis
419 2158 608 2238 cultoribus,
638 2159 871 2226 monasterium
894 2160 1072 2241 constituit,
1096 2164 1247 2242 sumptus
1270 2160 1400 2242 deloge-

149 2262 215 2342 ·vit‚
245 2263 432 2330 necessaria
457 2263 628 2330 monachis
656 2264 795 2333 contulit
817 2269 860 2342 ct,
893 2265 980 2348 quod
1003 2265 1122 2333 ceteris
1145 2264 1294 2332 omnibus
1317 2284 1400 2348 prm·

98 2404 126 2450 15
163 2367 263 2449 cellit,
295 2367 412 2434 iratres
446 2367 658 2450 sibisemper
684 2369 914 2436 dilectissimos
942 2374 978 2436 et
1005 2369 1160 2452 singulari
1181 2370 1401 2439 venerationis

157 2473 329 2555 privilegio
363 2473 636 2539 honoratissimos
669 2473 792 2540 hebuit.
852 2473 957 2556 Super
988 2473 1105 2542 horum
1137 2473 1247 2558 ltaque
1281 2474 1401 2542 Christi

159 2595 340 2660 pauperum
369 2574 555 2657 indigentiis
584 2577 634 2642 vir
660 2576 841 2645 illeaielicis
865 2579 1039 2660 memorie,
1062 2585 1100 2646 ut
1119 2598 1196 2648 eum
1218 2580 1403 2664 retinerent

156 2682 189 2747 in
212 2689 336 2749 aeterna
357 2682 576 2764 tabernacula,
598 2682 794 2765 patrimonia
816 2701 875 2752 suo
899 2700 962 2751 non
980 2685 1189 2752 mediocriter
1207 2686 1402 2767 expendens,

158 2785 333 2854 aedificavit
364 2785 427 2853 sibi
462 2787 594 2855 domum
626 2805 690 2853 non
720 2805 818 2854 manu
846 2788 964 2856 iactam
988 2794 1110 2858 aeterne
1131 2791 1167 2856 in
1189 2789 1279 2872 cella,
1305 2808 1401 2872 quam

96 2932 126 2978 20
158 2912 220 2960 nec
241 2891 375 2959 flumina
395 2911 455 2960 nec
477 2893 567 2960 venti
591 2891 714 2959 elidere
737 2894 920 2975 quiverunt,
945 2893 1081 2962 fundata
1104 2894 1189 2962 euim
1212 2900 1285 2962 erat
1305 2911 1403 2978 super

159 2996 286 3064 firmam
308 3002 453 3080 petrum..
490 2997 553 3078 Qui
580 2998 679 3080 igitur
706 2998 833 3080 recepit
851 2999 976 3082 Justnm
998 3000 1031 3066 in
1055 3000 1185 3068 nomine
1203 3000 1294 3082 justi,
1318 3019 1402 3068 mer·

141 3102 272 3169 cedem
292 3103 374 3185 justi
396 3102 553 3184 accipiet3
576 3103 653 3184 quia
672 3103 757 3185 quod
769 3103 825 3170 uui
844 3123 882 3170 ex
900 3105 1042 3171 minimis
1063 3105 1145 3171 meis
1161 3104 1296 3186 lecistis,
1320 3105 1400 3174 mihi

156 3206 291 3289 lecistis,
315 3207 395 3272 dicit
412 3206 568 3284 dominus.
614 3207 732 3274 Veniet
748 3209 848 3291 igitur
869 3209 1060 3277 benedictus
1083 3208 1148 3276 iste
1170 3209 1275 3292 petris
1297 3211 1401 3280 omni·

157 3312 302 3394 potentis
325 3317 359 3377 et
380 3311 522 3393 accipiet
536 3330 686 3394 regnum,
711 3313 798 3394 quod
820 3313 882 3380 sibi
904 3318 1126 3397 preparatum
1149 3319 1203 3382 cst¹
1220 3315 1260 3382 eb
1278 3314 1401 3395 origine

95 3440 124 3486 ss
157 3416 279 3482 mundi.
322 3416 525 3484 Esurivimns
547 3416 633 3483 enim
656 3421 690 3484 et
712 3417 804 3484 dedit
825 3419 921 3484 nohis
944 3419 1151 3500 manducare,
1182 3419 1343 3487 sitivimus
1367 3424 1401 3486 et

157 3521 249 3587 dedit
269 3522 364 3588 uubis
386 3527 510 3605 potum,
533 3521 681 3603 hospites
699 3521 818 3588 luimus
837 3527 872 3590 et
895 3523 1029 3606 collegit
1043 3541 1114 3591 nos.
1158 3523 1237 3606 Nos,
1255 3524 1397 3606 inquam,

156 3643 215 3692 uos
237 3627 293 3707 qui
319 3627 519 3709 portavimus
545 3625 673 3708 pondus
708 3625 774 3693 diei
802 3633 839 3694 et
859 3634 970 3708 ustus,
986 3628 1054 3710 ,qui
1076 3628 1266 3710 reliquimus
1288 3629 1397 3698 omniu

137 3723 191 3796 'et
212 3731 319 3796 secuti
346 3747 459 3796 sumus
476 3729 649 3812 Christum,
673 3733 729 3814 qui
751 3732 953 3800 vendidimus
976 3732 1093 3814 omnia,
1117 3746 1189 3814 quta
1212 3732 1396 3815 habuimus,

157 3833 272 3900 dantes
295 3853 334 3901 ea
358 3835 568 3919 pauperibus,
602 3837 707 3902 secuti
739 3855 850 3902 sumus
878 3837 1018 3904 ihesum.
1062 3835 1129 3904 Nos
1157 3838 1281 3920 patrios
1304 3835 1396 3920 lines,

95 3961 124 4008 ao
157 3956 217 4004 nos
249 3957 326 4006 carc
355 3943 527 4022 parentum
561 3938 780 4006 abdicavimus
811 3942 956 4023 pignora,
992 3959 1054 4008 nos
1097 3941 1204 4010 drdcia
1243 3941 1396 4024 liquimus

158 4062 254 4126 arva3
288 4062 348 4113 uos
382 4061 446 4110 non
479 4045 728 4125 adquiescentes
758 4046 846 4112 carni
876 4052 911 4112 et
941 4046 1098 4128 sanguini,
1131 4045 1190 4112 sed
1213 4064 1286 4128 quse
1307 4053 1396 4116 retro

158 4149 234 4214 suhi
258 4148 500 4229 obliviscentes,
527 4149 559 4213 in
586 4167 630 4214 ea·
654 4168 727 4232 qum
756 4155 831 4217 ante
860 4156 936 4218 sunt
958 4169 1018 4218 nos
1042 4152 1267 4236 extendentes,
1288 4153 1397 4220 omniu

156 4259 292 4335 propter
310 4253 472 4320 Christum
499 4258 536 4320 ut
563 4256 710 4320 stercora
730 4254 942 4336 arbitramur,
971 4256 1047 4338 quia
1069 4254 1197 4324 Christo
1230 4257 1325 4326 nobis
1349 4257 1396 4324 vi·

156 4375 232 4424 vere
266 4363 317 4424 est
345 4365 378 4424 et
401 4357 637 4424 morilucrum.
683 4357 812 4424 Victum
845 4364 956 4428 autem
987 4367 1023 4427 et
1054 4361 1207 4428 vestitum
1236 4361 1396 4428 habentes

95 4479 124 4526 as
157 4462 220 4530 hoc
242 4463 388 4530 conteuti
409 4479 537 4542 sumus3
559 4461 639 4528 nihil
662 4463 748 4529 enim
769 4463 937 4530 intulimus
961 4466 994 4531 in
1015 4466 1100 4533 hunc
1123 4467 1286 4548 mundum,
1309 4465 1397 4534 haud

158 4567 299 4648 dubium,
331 4568 408 4649 quin
435 4583 496 4632 nec
522 4566 646 4649 aliquid
668 4567 797 4635 aniene
819 4569 1009 4650 poterimus.
1052 4570 1120 4636 Nos
1142 4571 1250 4652 igitur,
1277 4570 1395 4652 quihus

159 4671 270 4738 datum
299 4677 351 4738 est
372 4687 479 4740 'nosse
501 4672 689 4756 mysterium
710 4675 803 4756 regni
826 4675 889 4756 dei,
922 4675 996 4742 hnic
1017 4680 1127 4742 nostro
1149 4675 1237 4742 fideli
1259 4681 1396 4759 patrono
1456 4733 1460 4742 .

159 4774 307 4859 dulcique
329 4775 491 4868 fidetenus
515 4777 673 4845 advocato
698 4796 833 4862 regnum
864 4778 915 4846 dei
943 4779 1074 4864 perpeti
1106 4798 1239 4864 precum
1271 4770 1395 4848 instau-

157 4881 213 4964 tia‚
240 4882 422 4952 devotionis
455 4883 578 4952 intimae
599 4883 855 4969 perseverantia,
875 4884 1023 4958 ,caritatis
1051 4886 1190 4956 assiduae
1218 4883 1394 4968 vigilantia,
