3524 5424
290 403 456 456 HISTORIA
473 403 521 455 DE
538 400 774 466 mutuorum
791 401 916 457 unnim
933 401 1250 458 nostracismos.
1343 408 1385 470 Μ

153 592 205 657 tus
234 587 493 659 nomannorum
525 605 628 656 aeres
660 585 809 667 petierat,
844 587 952 654 onusti
987 587 1115 668 preda3
1154 588 1272 669 ruliqui
1309 605 1385 652 vero

154 691 258 760 animo
291 693 455 760 constanti
487 693 633 773 quanvis
666 690 761 771 ponci
794 707 831 754 se
861 691 902 756 ad
932 691 1053 758 bollum
1080 695 1276 774 preparent.
1320 691 1386 757 Sed

155 795 229 877 quid
250 794 384 863 iaciant¹
405 798 501 878 pauci
523 801 637 868 contre
658 799 709 860 tot
731 793 832 858 millia
853 794 975 860 fortes?
1018 795 1092 876 Ipse
1122 815 1198 862 vero
1227 794 1299 862 rou²
1321 796 1387 860 He-

154 901 260 966 raldus
283 919 367 982 equo
391 901 546 979 insidens,
571 901 646 966 dum
668 899 770 966 aciem
793 899 942 964 ordinare
966 905 1066 979 curat,
1089 918 1172 980 equo
1196 902 1332 967 cadente
1353 902 1388 965 in

112 1011 124 1056 ⁵
155 1009 273 1070 terram
295 1022 453 1072 excussus
470 1005 589 1070 dixisse
611 1003 728 1070 tenor:
751 1017 833 1081 raro,
855 1003 969 1084 inquit,
981 1003 1048 1070 tole
1072 1005 1198 1086 signum
1220 1005 1389 1086 portendit

154 1109 334 1188 victoriam
366 1127 425 1174 nec
455 1128 528 1174 eum
556 1107 671 1174 lelellit
693 1107 862 1175 sinistrum
884 1119 990 1186 omen,
1013 1125 1087 1172 neni
1110 1109 1143 1172 in
1164 1111 1279 1174 eodem
1300 1109 1387 1174 bello

154 1215 223 1296 ipse
245 1213 407 1280 occubuit.
451 1211 568 1288 Toste³
590 1213 688 1278 etiam
710 1212 958 1280 lratcrllaraldi
975 1213 1060 1292 regis
1078 1214 1213 1294 Anglioe,
1236 1213 1291 1294 qai
1315 1231 1388 1280 eum

155 1317 229 1384 illuc
242 1318 430 1396 adduxerat,
453 1317 574 1382 ibidem
597 1318 723 1386 occisus
747 1321 801 1380 est
822 1321 976 1398 totusque
1000 1319 1161 1384 exercitus
1183 1337 1277 1399 paene
1300 1316 1388 1382 dele·

155 1427 208 1486 tus
229 1427 289 1488 est.
330 1422 465 1488 l‘actnm
501 1424 551 1486 cst
582 1421 646 1486 hoc
676 1421 797 1488 belluni
832 1421 930 1504 [anno
952 1421 992 1486 ab
1016 1421 1238 1488 incarnatione
1261 1421 1390 1486 Domini

99 1541 126 1585 ro
156 1527 325 1595 millesimo
360 1525 562 1608 sexagesimo
591 1523 705 1605 sextat,
737 1525 930 1608 apparente*
958 1529 1085 1614 corneto
1105 1526 1315 1593 rutilantibus
1339 1543 1391 1592 co

156 1631 215 1697 ruis
232 1651 290 1712 per
312 1631 438 1714 aliquot
460 1630 529 1696 dies
551 1637 585 1696 et
604 1628 831 1712 praefigurante
853 1629 937 1697 banc
959 1629 1084 1698 cladem
1108 1631 1293 1712 anglorum,
1316 1648 1390 1712 quae

154 1733 235 1802 ilico
252 1737 430 1807 subsecuta
451 1740 511 1800 ost.

239 1839 322 1909 lste⁶
347 1839 509 1918 Haruldus
538 1839 572 1904 in
605 1839 827 1908 adolescentia
855 1857 915 1904 sua
941 1839 1043 1906 multa
1073 1845 1205 1910 strenue
1234 1844 1390 1921 gesserat,

156 1945 375 2022 subvertendo
402 1943 572 2026 piurimas'
602 1943 749 2010 civitates
781 1961 980 2026 paganorum
1013 1955 1209 2026 magnasque
1236 1946 1391 2026 pecunias

98 2067 123 2112 ns
156 2049 331 2115 auferendo
355 2047 542 2127 inRurcia⁸,
565 2047 786 2130 inAEthiopia‚
810 2067 906 2130 qnam
929 2067 989 2114 nos
1013 2054 1159 2114 materna
1180 2049 1289 2130 lingua
1307 2047 1392 2113 Bla-

155 2152 265 2220 land⁹
286 2171 453 2233 vocamus
475 2153 552 2219 inde
563 2152 821 2234 Hierosolymam
838 2153 1004 2235 proiectus
1024 2158 1085 2234 est,
1104 2153 1224 2235 ubique
1245 2152 1392 2224 famosus

158 2263 192 2323 et
213 2258 420 2323 victoriosus.
465 2257 588 2324 Postea
613 2262 788 2340 peragrata
817 2257 926 2324 Sicilia
955 2277 1136 2340 magnaque
1161 2258 1302 2340 pecunia
1324 2257 1395 2324 ab¹⁰

157 2363 190 2426 id
212 2363 359 2428 locorum
382 2365 510 2427 extorta
532 2363 621 2427 venit
644 2361 976 2444 Constantinopolin¹¹
1002 2363 1113 2444 ibique
1146 2363 1232 2444 apud
1254 2364 1394 2444 impera-

158 2465 294 2534 corem¹²
316 2469 498 2546 accusatus,
521 2465 643 2535 inflicta
667 2467 770 2533 eideur
794 2467 983 2548 imperatori
1005 2465 1117 2532 satis¹⁸
1138 2467 1399 2550 probrosaigno-

100 2595 129 2640 no
164 2572 273 2651 orinia,
294 2570 487 2654 inopinabili
508 2570 586 2652 luga
608 2567 769 2652 elapsus¹⁴
791 2576 852 2636 est.

470 2753 547 2836 Cap.
570 2753 685 2823 XXIX.
729 2755 777 2820 De
801 2755 902 2820 Olavo
924 2754 992 2821 filio
1014 2757 1092 2839 ejus.

243 2919 421 2988 Interfecto
460 2922 569 3003 itaque
603 2921 748 2988 Harsldo
789 2923 904 2989 eodem
936 2925 969 2988 in
1004 2924 1121 3006 Anglia
1153 2943 1319 3006 regressus
1352 2930 1403 2990 est

158 3025 245 3090 lilius
280 3027 351 3107 ojus
382 3025 502 3090 Olavus
537 3045 609 3091 cnm
642 3027 768 3108 reliquo
801 3028 946 3094 exercitu
978 3029 1011 3093 in
1040 3029 1256 3109 Norwagiam.
1311 3028 1401 3095 Idem

229 3194 284 3248 ¹S.
303 3197 470 3248 laeientAK.
510 3198 594 3250 2ΑΒ.
612 3206 708 3262 abreget
725 3201 758 3250 K.
794 3195 874 3250 ⁵AS.
894 3203 974 3255 Torta
991 3203 1023 3252 K.
1059 3198 1147 3262 ⁴nit.
1166 3203 1233 3254 obi.
1252 3203 1285 3257 D.
1304 3218 1404 3269 ωε,

158 3303 227 3337 anno
247 3287 272 3337 S.
310 3283 396 3342 θΑΚ,
415 3295 553 3352 apparente
570 3286 597 3335 S.
642 3282 728 3337 ⁶AK.
749 3290 807 3351 Ipse
826 3289 852 3343 S.
897 3285 985 3343 ⁷AK.
1004 3291 1117 3350 plurima
1134 3290 1160 3340 S.
1217 3285 1312 3338 ἈΚ
1338 3291 1403 3344 Rus-

159 3375 242 3426 siaS.
287 3369 398 3424 'ABR
418 3375 544 3424 Blaalend
562 3373 587 3424 S.
636 3369 657 3400 ¹⁰
676 3376 729 3427 As.
748 3377 808 3439 mgl.
826 3375 860 3426 K.
908 3371 930 3400 ¹¹
950 3377 1008 3426 ΑΚ.
1028 3377 1094 3426 *im
1114 3377 1139 3428 S.
1192 3376 1216 3405 ¹²
1239 3377 1298 3426 ΑΚ.
1318 3377 1343 3428 S.
1363 3380 1403 3428 til-

158 3463 225 3513 faier
244 3471 300 3512 eat
342 3459 367 3493 ¹⁸
388 3462 440 3512 ΒΚ.
458 3461 519 3513 tacis
537 3463 569 3512 A.
610 3461 616 3488 ¹
623 3463 634 3490 ⁴
656 3463 713 3513 ΑΚ.
733 3465 838 3528 illapsus
856 3464 881 3514 S.

250 3620 277 3682 9.
321 3617 380 3679 hoo
401 3609 528 3694 bellum]
554 3618 619 3679 cml.
643 3617 744 3694 Henry
767 3619 802 3676 of
824 3619 1023 3694 Huutiugdon
1047 3613 1143 3690 (Mon,
1171 3619 1221 3678 Br.
1252 3618 1275 3688 1,
1313 3613 1402 3694 763):

159 3721 202 3782 Et
224 3723 307 3790 factu
329 3729 377 3786 est
398 3725 526 3784 mutatio
550 3722 664 3795 deatroe
686 3722 817 3794 Excelsi,
842 3742 932 3798 quam
952 3726 1069 3783 comete
1089 3725 1198 3798 ingena
1221 3724 1252 3780 in
1276 3724 1401 3789 exordio

160 3826 302 3901 ejusdem
325 3829 396 3884 anni
419 3826 643 3902 designaverat,
666 3826 747 3884 unde
773 3827 887 3887 dictum
910 3831 974 3887 est:

273 3995 276 4002 ,
365 3931 454 3991 Anno
478 3930 599 3991 milleno
624 3949 776 4013 sexageno
800 3950 923 4008 quoque
947 3949 1021 3993 seno

366 4035 533 4110 Anglorum
556 4040 643 4093 metae
667 4033 802 4093 flammas
827 4054 951 4092 sensere
976 4040 1110 4094 cometae.
1151 4035 1166 4056 s

161 4139 275 4199 Verset
296 4138 395 4206 finden
418 4157 513 4214 ogsaa
534 4138 592 4198 hos
615 4140 717 4220 Roger
740 4140 783 4212 de„
800 4140 948 4202 Hovcden
972 4131 1033 4214 (cd.
1050 4139 1165 4208 Stubbs
1182 4141 1205 4212 Ι,
1233 4132 1314 4213 ill),
1340 4159 1404 4197 som

159 4243 228 4302 isti.
251 4242 386 4328 flammae
407 4243 464 4303 har
486 4244 608 4302 crinem.
629 4303 632 4312 ,

254 4349 300 4406 13.
345 4349 408 4406 Iste
441 4339 616 4424 Haralousl.
664 4349 771 4418 Denuo
804 4349 971 4424 Baretning
1005 4367 1053 4406 om
1085 4349 1216 4409 Haralde
1250 4348 1406 4411 Bedrircar

161 4453 338 4523 udenlands
375 4455 517 4513 stemmer
553 4454 667 4528 ganske
700 4453 771 4515 med
794 4453 977 4525 Skaldevers
996 4444 1155 4524 (Bblvcrln
1183 4453 1267 4519 Stuv,
1291 4451 1404 4526 Thiod-

161 4550 243 4630 olv),
275 4557 357 4618 udan
393 4560 425 4613 at
456 4560 549 4630 noget
582 4559 618 4616 al·
648 4558 685 4617 de
716 4552 824 4627 seuere
856 4557 937 4634 Sagn
972 4576 1004 4614 er
1035 4556 1243 4621 indblandedo
1266 4549 1404 4630 (Manen,

163 4661 260 4720 Sami·
283 4661 352 4720 Afh.
376 4663 400 4738 Ι,
425 4655 595 4744 obe-ec).
