3524 5424
310 447 476 500 nrsnoara
493 446 540 498 nn
558 441 794 502 nurrcmmnn
813 443 937 497 annom
955 445 1269 502 uonwsamumnu.
1365 453 1405 513 39

56 618 59 623 ’
167 635 239 698 erat
263 635 297 698 et
318 631 455 698 balsami
478 631 740 714 pretiosissima,
765 627 907 711 indeque
930 629 1180 710 egrediebantur
1202 628 1265 696 dno
1289 629 1405 697 calami

165 737 267 816 aurei,
291 747 427 817 qnorum
451 737 654 802 summitates
676 733 823 802 naribus’
848 733 1073 817 infigebantur‚
1106 741 1143 799 ut
1169 735 1322 802 videlicet
1342 736 1404 800 vir·

164 845 235 906 tute
265 843 421 922 unguenti
450 859 569 923 corpus
595 859 661 906 nou
689 840 795 905 minus
821 839 957 904 interius
986 857 1080 920 quam
1105 841 1247 906 exterius
1272 839 1404 905 duraret

163 946 396 1028 incorruptum.
441 947 568 1012 Inventi
590 951 664 1010 sunl
689 949 796 1010 numm
820 949 854 1009 et
876 944 939 1009 duo
962 961 1076 1009 remus
1100 945 1269 1026 insculpti:

119 1059 132 1104 ⁵
390 1050 491 1117 Filius
513 1051 653 1116 Evandri
675 1049 793 1129 Pallas,
816 1066 911 1130 quem
931 1047 1047 1114 lanc'ea
1070 1047 1170 1114 Turni

389 1155 503 1220 ldilitis
525 1154 652 1234 occidit,
676 1171 765 1220 more
788 1151 864 1219 suo'
878 1154 968 1236 jacet
990 1153 1051 1218 bic.

249 1259 310 1338 Qui
332 1263 449 1342 postea
470 1266 609 1340 erectus,
632 1257 901 1340 patanteingenti
914 1255 1043 1324 vulnere
1066 1259 1126 1323 sub
1144 1262 1287 1339 pectore,
1311 1275 1403 1338 paene

162 1378 291 1430 murum
320 1362 462 1429 civitatis
492 1365 674 1446 adaequavit
702 1367 829 1428 statura
851 1381 910 1428 sua
936 1363 1046 1446 ibique
1076 1365 1180 1442 stetit,
1205 1359 1401 1428 donecbal-

163 1486 256 1535 samo
286 1469 405 1550 pluviis
435 1467 545 1534 abluto
573 1469 607 1533 iu
637 1470 847 1550 semetipsum
876 1467 1052 1551 collapsus⁴
1080 1473 1131 1532 est
1159 1476 1193 1533 ct
1215 1467 1262 1531 sic
1284 1465 1403 1531 iterum

101 1591 130 1636 ro
162 1578 262 1639 terrae
285 1589 365 1638 ossa
387 1571 621 1638 mandentum·

228 1795 305 1878 Gap.
328 1795 415 1861 XIX.
461 1795 553 1874 Quod
575 1795 691 1860 beatus
715 1795 833 1862 Olavus
857 1795 889 1859 in
911 1792 997 1860 bello
1020 1793 1157 1878 martyr⁶
1179 1793 1338 1862 occubuit.

247 1969 370 2034 Beatus
387 1969 500 2050 itaque
523 1967 644 2033 Oleros
663 1974 861 2050 congregata
881 1987 988 2048 mauu,
1011 1985 1108 2050 quam
1131 1968 1253 2034 habere
1271 1969 1403 2050 poterat

158 2073 363 2156 inUpland,
390 2072 533 2140 tetendit
562 2073 596 2138 in
624 2071 873 2151 Throndbcim²;
907 2073 1056 2140 audierat
1089 2075 1174 2138 enim
1206 2071 1401 2136 Sueinonem

158 2177 264 2246 filium
285 2178 409 2244 Kauuti
424 2179 458 2244 in
476 2178 545 2245 llic
561 2176 688 2257 operiri
712 2177 885 2244 adventum
908 2195 1001 2243 sunm
1024 2195 1095 2242 cum
1116 2176 1227 2242 ¹valida
1248 2191 1346 2240 manu
1369 2179 1403 2238 et

99 2298 126 2344 ra
158 2283 235 2350 ideo
267 2283 443 2348 declinavit
465 2282 506 2348 ab
529 2301 579 2348 eo.
618 2283 846 2350 Throudonees
873 2287 982 2349 autem
1011 2282 1122 2348 audito
1154 2281 1294 2348 adventu
1316 2279 1402 2359 regis

161 2393 385 2454 convenerunt
413 2387 447 2452 in
475 2387 719 2454 Nidrosieuaem
749 2388 913 2454 civitatem
942 2388 1036 2470 quasi
1064 2385 1112 2451 vir
1139 2403 1221 2452 unua
1246 2385 1401 2449 adversus

158 2492 333 2558 Dominum
375 2497 408 2560 et
440 2492 611 2558 adversum
646 2493 801 2558 christum
830 2494 908 2575 ejus,
945 2493 1079 2576 juvenes
1112 2509 1185 2557 cnm
1217 2488 1400 2556 senioribus

158 2596 284 2664 infelici
311 2595 464 2676 landone,
493 2601 530 2662 ut
556 2597 782 2687 impugnarent
808 2599 956 2663 sanctum
983 2597 1062 2676 Dei3
1095 2597 1128 2660 in
1159 2596 1276 2678 quibus
1308 2597 1402 2660 erant

157 2702 336 2785 principes,
360 2702 416 2784 qui
436 2701 574 2768 maxime
595 2702 667 2783 regi
687 2701 947 2782 obluctabantur,
959 2702 1083 2769 Thorcr
1103 2702 1229 2766 hunder
1248 2696 1402 2766 etKallr⁸

96 2828 126 2875 ao
159 2805 247 2872 filius
268 2808 365 2872 arna.
409 2805 553 2872 Audiens
583 2806 682 2888 igitur
710 2824 767 2874 rex
791 2812 1019 2890 congregatam
1042 2806 1211 2874 adversum
1234 2822 1271 2870 se
1294 2803 1401 2870 multi-

155 2911 303 2978 tudinem
325 2911 431 2976 misit⁹
460 2911 501 2978 ad
532 2929 590 2978 eos
613 2912 673 2978 Fin
695 2910 829 2978 fratrem
851 2911 953 2993 Kella
976 2913 1066 2996 quus
1090 2912 1241 2994 superius
1264 2909 1400 2976 mentio·

88 3097 95 3108 .
154 3035 231 3084 uem
257 3016 418 3097 fecimus3¹
443 3017 498 3099 qui
520 3016 643 3100 populo
671 3035 787 3099 pacem
805 3016 952 3099 offerret
975 3018 1063 3100 regis
1085 3017 1228 3083 animum
1249 3019 1398 3096 paratum

154 3121 335 3202 nunciaret,
354 3121 490 3188 oblitum
509 3141 581 3188 eum
605 3121 845 3204 praeteritarum
867 3123 1056 3206 injuriarum
1079 3123 1247 3204 ignoscere
1271 3119 1397 3201 eoique,

156 3225 244 3307 quod
267 3231 402 3294 eatenus
431 3245 603 3309 perperam
632 3227 768 3309 egisset:
801 3227 960 3294 detestari
990 3245 1026 3292 se
1055 3225 1244 3294 effusionem
1266 3225 1398 3290 humani

92 3357 122 3404 aa
156 3331 324 3412 sanguinis
356 3335 390 3397 et
417 3331 554 3397 maxime
580 3331 613 3397 in
636 3330 785 3398 civilibus
807 3332 912 3411 bellis,
933 3331 1022 3398 nullo
1046 3331 1142 3398 modo
1165 3349 1202 3396 se
1222 3330 1306 3396 ¹velle
1329 3347 1397 3394 ma·

154 3453 235 3504 num
255 3433 467 3514 consererem,
500 3435 527 3500 si
561 3433 744 3506 salubribus
779 3437 849 3518 ejus
876 3438 1008 3503 monitis
1030 3437 1246 3518 acquiescant.
1291 3433 1399 3500 Effera

155 3557 233 3606 vero
250 3557 342 3608 mens
362 3538 573 3605 barbarorum
594 3539 739 3606 unanimi
757 3558 922 3608 consensu
937 3542 1012 3624 paci
1031 3541 1226 3607 contradicit
1243 3546 1279 3608 ct
1294 3540 1396 3606 multe

225 3746 313 3800 ¹AK.
330 3749 504 3814 pretiosissimi
523 3749 548 3802 S.
596 3744 682 3800 ’Am
701 3751 861 3814 ascriberes.
909 3747 991 3805 ἈΚ
1011 3759 1091 3804 morte
1108 3765 1155 3802 sua
1172 3749 1199 3802 8.
1245 3745 1327 3802 *Rs
1345 3751 1397 3802 col·-

154 3839 254 3902 lapaum
273 3839 306 3890 A·
343 3833 426 3888 ³AS.
444 3838 627 3888 mandabantur
644 3839 677 3888 K.
714 3832 798 3890 ‘AR
818 3848 897 3890 mater
914 3839 939 3890 S.
977 3834 1064 3893 ἈΚ
1083 3839 1240 3890 Truudhcim
1259 3837 1286 3888 Β.
1322 3832 1396 3893 Ἀθ.

155 3925 230 3978 Ralla
248 3927 281 3976 K.
317 3921 407 3976 ἈΚ
425 3926 481 3976 misi
499 3925 525 3976 S.
563 3919 585 3951 ¹⁰
603 3926 664 3975 ΔΚ.
682 3927 797 3978 conferre
816 3927 841 3978 S.

158 4097 294 4172 quamvis
315 4095 477 4169 fabulosis,
499 4097 747 4170 tamen=veritati
770 4097 930 4170 similibus,
961 4117 1060 4156 moras
1084 4095 1254 4158 demonum
1283 4097 1396 4157 deacri-

154 4201 271 4262 bnntnr
293 4201 477 4260 carminibus
500 4205 669 4276 poetarum.
712 4201 790 4261 Nam
808 4201 964 4262 Camillam
980 4201 1081 4262 Diana
1103 4203 1203 4262 doluit
1225 4201 1308 4280 apud
1326 4201 1395 4262 Vir·

156 4305 261 4382 gilium
283 4305 557 4365 etPallantem
578 4307 811 4366 moriturum
834 4306 1021 4367 Herculea
1044 4307 1172 4367 flevit.

244 4412 290 4469 19.
335 4411 452 4470 'l’horar
472 4409 593 4469 hunder
615 4415 645 4470 et
666 4403 766 4488 Kalir]
797 4412 932 4470 hvarken
955 4411 1021 4488 Thj.
1046 4392 1240 4488 allar'dgri‘p
1263 4411 1396 4488 kjonder

155 4512 276 4573 Haeralr
298 4515 331 4573 af
350 4513 475 4590 Tbjotta
495 4515 604 4575 blandt
627 4515 841 4592 Hordingerna
862 4518 921 4577 vad
944 4515 1131 4589 Stiklastad3
1167 4516 1232 4575 salv
1253 4517 1325 4576 ide
1349 4535 1394 4576 se·

155 4635 230 4676 nero
247 4617 451 4696 Beretningar
472 4613 544 4696 (leg.
566 4621 654 4696 Saga,
673 4620 874 4697 Fagrskinna‚
894 4613 1045 4693 Heimsk.)
1068 4640 1101 4678 er
1122 4615 1184 4678 hau
1205 4621 1283 4680 lidet
1304 4614 1393 4681 tremi

156 4722 321 4783 tradenda.
357 4727 371 4742 ”
490 4757 494 4765 -
1081 4736 1083 4744 ’
1181 4725 1184 4732 ’
