3524 5424
371 410 413 481 50
762 455 765 460 .
804 410 998 468 rsnoonror
1015 411 1179 466 monaorrr

371 594 452 661 tros
486 598 520 660 et
552 594 632 678 [non
660 597 777 662 multa¹
809 603 980 680 preterea.
1036 598 1101 664 Sed
1131 598 1209 680 quia
1237 599 1370 680 longurm
1399 601 1451 662 est
1472 593 1613 678 singulis

371 699 543 779 immorari,
566 704 773 768 transeamus
796 702 839 770 ad
860 708 990 770 cetero.

482 906 558 990 Gap.
582 909 679 976 XXV.
723 911 773 976 De
795 911 903 978 reditu
926 911 1060 978 Haraldi
1084 907 1279 978 hardrader²
1301 909 1341 974 de
1364 909 1499 974 Graecia.

453 1075 575 1142 Vidans
605 1077 717 1162 itaque
741 1077 871 1160 Susino,
903 1097 939 1146 se
961 1094 1026 1145 non
1048 1095 1149 1162 posse
1171 1076 1325 1143 resistere
1347 1075 1468 1142 viribus
1490 1075 1612 1158 Magni,

370 1177 521 1247 discessit
548 1200 567 1246 a
594 1182 715 1264 patria;
750 1201 845 1265 quem
876 1185 1042 1250 insecutus
1072 1201 1129 1249 rex
1158 1200 1231 1248 eum
1259 1181 1366 1247 classe
1396 1180 1555 1264 applicuit
1576 1181 1613 1245 in
1650 1191 1665 1236 ⁵

368 1283 452 1365 loeo,
470 1285 527 1368 qni
543 1282 663 1353 dicitnr
680 1287 901 1369 Ourarsund⁸;
918 1289 979 1355 ¹ubi
997 1305 1069 1354 cum
1082 1291 1293 1366 morarentur,
1316 1286 1519 1370 conspiciunt
1530 1304 1613 1367 qua·

360 1384 443 1455 ‚dem
472 1387 524 1457 die
552 1409 665 1457 navem
695 1391 936 1475 adventantem,
965 1395 1072 1461 solitis
1096 1392 1492 1460 armamentisvenustius
1515 1409 1612 1456 orna-

369 1499 545 1575 tammam
569 1485 676 1562 velum
699 1499 804 1563 totum
828 1515 1004 1580 purpuram
1026 1499 1199 1565 renitebat.
1245 1495 1317 1574 Qua
1335 1497 1465 1562 insueta
1485 1493 1614 1561 visione

370 1597 529 1684 attonitus
564 1619 622 1665 rex
649 1602 750 1666 mittit
777 1601 851 1668 ilioo
883 1605 937 1686 qui
966 1605 1143 1686 requirant,
1172 1601 1229 1685 qui
1251 1603 1318 1667 sint
1340 1599 1390 1669 vel
1413 1599 1499 1666 unde
1522 1597 1611 1665 v'eni-

370 1707 434 1768 ant.
479 1703 684 1786 Responsum
709 1712 759 1771 est
780 1702 906 1772 nunciis
928 1707 1023 1788 regis,
1049 1725 1125 1773 esse
1147 1705 1335 1784 Haraldum,
1359 1703 1491 1800 fratrem
1516 1703 1614 1769 Olsvi
1652 1712 1685 1760 10

370 1795 455 1888 regis
475 1807 662 1890 Norrragiae,
693 1811 884 1877 venientem·
908 1813 947 1878 de
978 1813 1119 1886 Graeeis.
1158 1808 1302 1876 Econtra
1328 1809 1376 1874 illi
1395 1793 1614 1890 sels‘bitantnr,

371 1911 443 1993 quis
468 1912 585 1979 ductor
610 1914 654 1980 sit
676 1914 800 1995 elassis,
825 1933 921 1998 quam
945 1919 1097 1999 inportu
1120 1917 1305 1982 cernebant.
1349 1898 1615 1996 Respondebant,

372 2035 445 2082 esse
456 2017 607 2100 Magnum
628 2017 730 2084 filium
753 2021 842 2086 beati
865 2021 968 2100 Olavi,
990 2040 1099 2103 regem
1120 2023 1229 2086 Daoiae
1254 2024 1288 2086 et
1306 2020 1494 2101 Norwagiae.
1540 2018 1614 2097 Quo

370 2119 667 2189 audito'lisraldus
691 2141 765 2189 mox
788 2118 921 2189 divertit
943 2125 982 2190 ad
1005 2131 1159 2208 nepotem
1182 2143 1285 2205 sunm,
1314 2143 1333 2190 a
1356 2141 1420 2205 quo
1444 2128 1481 2188 ut
1504 2123 1616 2188 decuit

370 2225 547 2294 honorifice
571 2235 745 2313 susceptus
769 2229 896 2311 aliquot
919 2231 989 2296 dies
1011 2231 1057 2296 ibi
1079 2235 1224 2296 moratus
1249 2234 1307 2294 est.
1354 2223 1498 2309 Cumque
1521 2227 1613 2308 Mag·
1654 2234 1687 2280 1⁵

370 2347 430 2395 nus
465 2333 504 2396 ab
540 2323 578 2398 eo
611 2333 803 2415 postularet,
837 2339 874 2398 ut
906 2335 936 2399 ei
970 2333 1116 2399 subsidio
1147 2334 1232 2399 foret
1256 2331 1298 2397 sd
1321 2331 1527 2397 subdendum
1550 2327 1615 2397 sibi

370 2434 506 2516 regnum
530 2431 649 2517 Daciae,
684 2439 769 2519 quod
800 2439 830 2504 ei
852 2439 949 2521 justis
978 2457 1017 2504 ex
1048 2439 1156 2504 causis
1186 2437 1377 2517 debebatur,
1400 2437 1616 2530 respondisse

370 2537 473 2604 fertur
505 2559 540 2606 se
573 2543 684 2624 potius
714 2542 798 2611 velle
825 2548 939 2625 petere
969 2545 1009 2609 ab
1041 2561 1079 2618 eo
1102 2543 1218 2626 partiri
1241 2559 1348 2607 secum
1371 2559 1508 2622 regnum
1530 2541 1616 2606 Nor·

371 2643 492 2726 wagiae,
517 2647 605 2728 quod
628 2647 688 2712 sibi
707 2647 780 2730 Jure
802 2648 1010 2714 heredetorio
1033 2643 1221 2712 debebatur.
1268 2645 1327 2711 Cui
1351 2627 1430 2712 cum'
1444 2665 1501 2712 rex
1522 2643 1616 2726 Mag-

369 2767 431 2814 nus
453 2749 596 2830 gratiose
617 2751 842 2833 respondisset
877 2789 911 2798 —
948 2752 1129 2818 eratenim
1152 2751 1239 2815 mitis
1263 2756 1297 2816 et
1317 2751 1542 2830 benignissimi
1566 2745 1614 2815 in·
1652 2770 1685 2815 ao

370 2853 457 2933 genii
479 2841 530 2935 —',
556 2845 640 2919 nnus
672 2875 711 2920 ex
739 2855 929 2922 consiliariis
955 2858 1052 2937 regis,
1081 2855 1181 2920 Eiuar
1202 2850 1502 2932 thambaskelmer⁴,
1536 2873 1614 2936 per-

371 2957 517 3038 pendens
558 2975 670 3025 secum
704 2962 873 3044 utriusque
908 2963 1006 3026 verba
1039 2978 1104 3025 non
1139 2960 1178 3024 ds
1214 2959 1360 3041 ejusdem
1396 2959 1614 3040 benignitatis

371 3060 461 3131 fonte
482 3080 623 3143 manare,
646 3066 816 3147 respondit
832 3066 956 3147 justum
979 3065 1091 3143 videri,
1116 3069 1151 3128 ut
1173 3064 1201 3128 si
1223 3082 1279 3130 rex
1300 3064 1438 3146 Magnus
1464 3064 1613 3134 Haraldo

372 3165 535 3233 dimidiam
548 3172 676 3249 partem
687 3168 866 3250 Norwegiae
889 3173 1056 3246 annueret,
1075 3169 1146 3250 ipse
1165 3186 1295 3249 quoque
1314 3167 1494 3250 pecuniam,
1513 3187 1614 3250 quam

369 3269 411 3364 de
434 3270 561 3336 Graecia
580 3272 746 3352 attulerat,
769 3291 841 3338 eum
864 3291 943 3353 rege
966 3273 1139 3337 divideret:
1162 3271 1299 3337 multum
1317 3273 1401 3337 enim
1420 3291 1493 3336 eum
1512 3263 1612 3358 egere
1649 3286 1683 3332 as

369 3373 515 3455 pecunia,
538 3358 677 3456 plurima
705 3378 738 3441 in
768 3375 1030 3458 expeditionibus
1054 3375 1194 3440 assiduis
1218 3377 1470 3460 consumpsisse.
1515 3375 1610 3442 Hane

369 3479 616 3558 responsionem
628 3477 935 3561 Haraldusindigne
953 3479 1060 3545 ferens
1083 3478 1176 3545 dixit:
1201 3497 1237 3544 se
1260 3496 1324 3546 non
1347 3471 1387 3546 ob
1404 3475 1439 3544 id
1461 3480 1494 3544 in
1518 3485 1607 3545 exte-

240 3665 248 3678 ·
369 3582 413 3647 ris
435 3581 622 3663 regionibus
644 3602 703 3665 pro
722 3584 922 3666 adquirenda
941 3585 1078 3666 pecunia
1096 3584 1272 3665 objecisse⁶
1293 3585 1457 3667 periculis,
1477 3587 1514 3648 ut
1531 3583 1608 3648 inde

369 3685 491 3751 ditaret
513 3686 676 3752 satellites
699 3687 808 3768 Magni
827 3687 958 3767 nepotis
982 3677 1068 3774 suis
1099 3686 1157 3751 (lui
1187 3687 1302 3753 Einar:
1336 3685 1426 3753 Scias
1460 3705 1510 3754 me
1536 3687 1606 3753 ubi-

369 3807 495 3875 cunqne
517 3795 634 3873 potero
658 3791 786 3858 obviam
808 3791 937 3872 iturum,
961 3808 1001 3856 ne
1018 3807 1151 3872 regnum
1171 3791 1329 3856 obtineas.
1361 3789 1454 3868 Quod
1474 3792 1600 3858 verbum
1652 3803 1688 3850 ιο

379 4003 381 4010 “
437 3997 724 4062 1Δ,ιιιιιισιειιιοιι
745 4003 825 4053 mults
843 4009 925 4053 staar:
949 4001 967 4052 l.
993 4001 1071 4052 nulla·
1101 4016 1152 4052 nou
1170 3975 1241 4052 nulia
1266 4001 1299 4052 Κ.
1327 4001 1451 4052 nonnulla
1477 4003 1555 4052 mults
1578 3999 1604 4051 S.

370 4085 482 4140 'restet
502 4091 639 4142 Hardrad'r
656 4092 682 4142 S.
718 4091 850 4141 Herdrsdr
867 4090 900 4139 Α.
937 4090 1067 4140 ilerdrsdr
1084 4090 1116 4140 K.
1152 4086 1203 4140 ⁸8.
1222 4091 1369 4141 Ourarsunt¹
1383 4089 1465 4140 ΑΒΚ.
1503 4086 1604 4138 *restet

366 4176 498 4228 rhamnos
515 4179 619 4234 Keimer
636 4178 738 4233 AKSB.
763 4174 784 4234 ,⁵
802 4179 826 4230 K
844 4179 980 4242 indskyder
997 4179 1057 4230 her:
1076 4193 1109 4228 se.

456 4367 483 4425 1.
526 4357 619 4442 uros]
645 4365 1148 4442 sml.Hslrr.·537-3dog,543.
1493 4405 1496 4416 .

454 4471 481 4527 3.
528 4469 602 4546 esp.
624 4460 720 4546 xxv]
745 4471 798 4529 on.
820 4455 920 4548 lgrsp
945 4471 1068 4538 ao-os
1092 4466 1280 4546 (forskjellig
1305 4463 1421 4544 nurse),
1453 4469 1508 4528 ser
1534 4467 1603 4528 rsus

367 4573 499 4649 kjendsr
521 4592 620 4648 nogen
642 4573 803 4652 Uenighsd
823 4574 945 4634 mallem
966 4572 1098 4650 Magnus
1122 4591 1161 4648 og
1182 4573 1307 4654 Harald.

454 4679 482 4740 3.
525 4668 716 4754 Hardradei]
739 4671 815 4736 haus
838 4678 966 4736 Tilnavn
986 4677 1088 4754 lindos
1109 4677 1173 4737 kun
1193 4675 1258 4752 her,
1272 4677 1352 4738 ikke
1373 4679 1385 4738 i
1406 4678 1529 4742 tamen.
1636 4695 1642 4706 ·
