3524 5424
568 393 734 492 mennam
761 428 972 509 nonwnsm.
1339 429 1380 500 ss

148 622 297 688 dunntur.
343 619 424 688 Sunt
451 621 602 702 equidem
631 625 802 686 venatores
828 617 1026 704 peritissimi,
1055 616 1191 698 solivagi
1220 620 1254 683 et
1279 617 1381 682 insta-

146 727 238 804 biles,
260 729 399 808 tugurea
423 725 584 791 coriacea¹
607 743 666 807 pro
691 725 840 793 domibus
862 723 1051 802 insidentes,
1075 740 1147 802 quae
1169 720 1312 786 humeris
1335 723 1382 786 in·

146 834 304 912 ponentes
328 829 479 910 levigatis
503 829 667 894 asseribus
687 825 982 910 pedibus'subfixis
1007 826 1108 908 (quod
1131 826 1382 892 instrumentum

148 935 299 1000 ondros
333 931 511 1014 appellant)
547 938 580 997 et
606 953 666 1016 per
688 935 850 1001 condensa
876 932 995 999 nivium
1018 949 1056 996 ac
1079 929 1202 996 devexa
1225 930 1381 996 montium

149 1037 345 1122 agitantibus
368 1035 486 1104 cervis⁹
509 1055 582 1104 oum
604 1037 794 1124 conjugibus
816 1043 850 1102 et
871 1035 1013 1118 parvulis
1031 1053 1091 1102 ave
1109 1033 1252 1100 velocius
1275 1039 1381 1103 trans·

147 1143 303 1222 feruntur.
348 1143 410 1208 list
432 1141 517 1227 enim
540 1142 667 1208 illorum
695 1143 821 1208 incerta
848 1141 981 1218 mansio,
1004 1145 1103 1222 prout
1124 1137 1220 1220 copia
1240 1138 1382 1204 ferarum

147 1251 293 1328 tempore
310 1247 451 1314 instante
470 1246 518 1310 eis
537 1246 709 1310 dictaverit
725 1245 906 1312 venationis
928 1244 1009 1310 loca.
1053 1244 1101 1310 lbi
1124 1241 1250 1310 infinita
1273 1261 1383 1320 nume,-

147 1352 269 1419 rositas
300 1350 487 1428 bestiarum,
521 1349 647 1416 scilicet
674 1367 838 1438 ursorum,
859 1349 1019 1432 luporum,
1046 1345 1198 1430 lyncumi,
1228 1347 1382 1428 vulpium,

148 1453 354 1534 sabelorum⁴,
377 1453 563 1534 lutrearum,
581 1458 744 1532 taxonum,
764 1458 936 1532 castorum.
972 1452 1050 1530 Quae
1069 1451 1176 1517 bestia
1192 1451 1384 1516 mirabiliter

150 1565 254 1638 cauta,
288 1558 363 1628 dum
384 1559 504 1650 saepius
534 1577 554 1622 a
583 1557 739 1624 veltribus
760 1561 950 1624 venatorum
977 1561 1118 1640 petatur,
1153 1561 1220 1622 tres
1255 1555 1383 1622 subter·

66 1677 71 1687 ·
147 1681 263 1729 roncas
302 1663 343 1748 ad
383 1679 485 1743 aquas
527 1662 589 1728 sibi
633 1660 744 1750 foveas
782 1665 950 1738 concavam
997 1664 1222 1726 succrescente
1252 1659 1384 1742 lympha

149 1753 288 1830 mediam
327 1767 395 1830 sive
435 1785 617 1847 supremam
662 1765 778 1844 tenen,
818 1765 1028 1830 decrescente
1066 1783 1143 1832 vero
1183 1763 1383 1845 canibusque

217 1951 275 2005 ΙΒ.
294 1953 462 2006 corticeacd.
497 1952 554 2006 ¹11.
572 1958 649 2005 ternio
668 1955 730 2004 eller
747 1957 823 2004 ternis
833 1951 879 2004 (ld.
916 1949 1029 2002 ‘restet
1050 1953 1180 2015 lyncornm
1192 1951 1237 2002 Od.
1258 1949 1286 1980 '⁴
1303 1953 1383 2002 rettst]

147 2043 294 2094 sabnlcrnm
313 2043 359 2093 cd.
395 2039 502 2094 'rettet
534 2052 617 2092 teneat
635 2043 683 2094 (ld.

147 2197 206 2256 bus
228 2201 356 2255 utuntur
378 2217 435 2273 pro
458 2197 604 2256 restibus:
630 2225 669 2235 -
691 2198 725 2254 In
750 2196 865 2254 eisdem
887 2197 1038 2253 montanis
1062 2191 1228 2273 agrestium
1251 2197 1383 2256 ferarum

146 2306 235 2360 tanta
268 2307 316 2359 est
348 2301 520 2375 multitudo,
556 2307 591 2360 ut
622 2301 754 2378 plurima
783 2319 855 2377 pars
885 2302 1019 2376 regionis
1051 2320 1088 2358 ox
1116 2302 1189 2360 solis
1214 2302 1315 2360 vivant
1334 2301 1385 2360 sil·

149 2408 268 2466 voticis.
741 2461 744 2468 .

234 2513 263 2567 4.
309 2499 436 2585 andros]
461 2509 541 2568 oldn.
567 2510 682 2568 bndnrr
705 2504 795 2583 (eller
806 2504 905 2580 andri)
928 2529 976 2580 m.,
989 2509 1031 2583 pl.
1056 2507 1177 2582 andrar,
1196 2509 1385 2569 Nordlands·

149 2614 214 2686 Ski,
234 2613 293 2671 den
317 2633 377 2672 ane.
394 2614 517 2690 hortere
540 2615 615 2671 ellcr
633 2614 702 2672 med
719 2611 873 2689 Underlag
892 2613 924 2672 af
942 2613 1103 2686 Saelslrind,
1127 2635 1166 2674 nu
1185 2613 1290 2672 Onder
1311 2615 1386 2674 eller

147 2717 261 2776 Andor.
287 2717 383 2776 Ordet
405 2737 438 2775 er
460 2719 597 2792 nordielr,
620 2718 702 2791 ikke,
727 2737 791 2776 eom
808 2717 891 2776 Fors.
915 2737 1027 2790 menen,
1050 2717 1130 2784 finsk
1152 2710 1199 2791 (se
1216 2719 1251 2776 V.
1275 2719 1383 2780 Thorn-

148 2843 215 2894 sen,
240 2822 299 2882 den
320 2822 439 2897 gotiske
464 2823 683 2898 Sproglrlasses
706 2821 889 2898 Indflydelse
912 2842 971 2898 psa
994 2821 1053 2880 den
1075 2821 1174 2880 finske
1199 2823 1227 2882 S.
1256 2818 1334 2895 112).

235 2929 263 2984 7.
306 2923 365 2997 Ibi]
390 2927 454 2984 sml.
473 2928 569 2986 Adam
587 2927 639 3000 IV,
664 2929 718 2985 31:
762 2926 809 3010 lbi
833 2928 994 3002 capiuntur
1015 2928 1071 2997 uri,
1095 2927 1199 2984 bubali
1222 2931 1253 2984 ot
1275 2929 1385 3001 elaces,

149 3032 231 3088 sicut
253 3031 283 3087 in
308 3029 446 3102 Sveonia,
471 3036 603 3090 ceterum
626 3031 764 3090 bisontes
789 3031 951 3106 capiuntur
972 3031 1003 3086 in
1027 3030 1186 3090 Sclavenia
1209 3035 1240 3088 et
1262 3031 1394 3090 Buccis..

149 3134 224 3194 Sola
244 3153 315 3193 vero
338 3135 536 3194 Nortmannia
554 3137 663 3212 vulpes
681 3135 774 3194 habet
793 3137 896 3210 nigros
910 3138 940 3210 et
957 3135 1090 3210 lepores,
1114 3141 1265 3194 martures
1288 3137 1389 3208 albos,

148 3240 350 3315 ejusdemque
374 3239 483 3298 coloris
507 3259 605 3310 ursos,
630 3242 681 3316 qui
705 3239 761 3298 sub
785 3258 865 3313 aqua
886 3240 992 3296 vivunt
1014 3239 1268 3315 quemadmodum
1290 3243 1347 3300 uri.

237 3347 263 3402 8.
309 3335 495 3419 sabelcrum]
518 3345 550 3400 af
570 3343 651 3401 mlat.
676 3343 798 3402 sabelus
822 3343 897 3402 eller
919 3343 1065 3414 sabelum,
1090 3344 1121 3400 af
1142 3363 1220 3402 rues
1246 3345 1343 3419 sohel.

236 3451 265 3531 9.
307 3445 418 3519 lutrea]
453 3448 575 3508 vistnok
608 3448 689 3506 mlat.
713 3449 761 3506 ior
788 3448 906 3518 lutra,
939 3447 1180 3506 cir.ital.Dia1.
1205 3449 1314 3520 ludria,
1339 3469 1386 3528 sp.

148 3553 244 3610 lubria
256 3548 380 3624 (Dies).

239 3659 286 3715 10.
331 3648 458 3732 veltres]
482 3656 615 3716 allersde
643 3657 765 3716 Martial
787 3653 886 3740 lxlv,
917 3655 1021 3732 Epigr.
1047 3656 1120 3726 300)
1150 3657 1206 3714 har
1229 3663 1387 3735 vertragus

114 3753 118 3759 ’
149 3753 347 3835 (Jagthund),
378 3759 494 3818 hvilket
516 3762 624 3818 Arrian
654 3762 802 3836 betegner
832 3780 897 3823 som
920 3764 951 3818 et
974 3759 1083 3818 celtisk
1107 3759 1186 3834 Ord;
1217 3763 1266 3819 len
1294 3764 1385 3838 Burg.

148 3864 206 3922 har
228 3865 390 3932 veltrnhua,
413 3864 462 3922 lex
486 3865 545 3922 Sal.
570 3856 706 3936 veltrem,
730 3865 857 3924 veltrum
880 3857 982 3939 (acc),
1006 3864 1310 3940 Sanigallermunken
1333 3863 1386 3938 (M.

127 3954 251 4028 'Germ
274 3963 400 4050 11'739)
431 3968 559 4032 omtaler
588 3969 762 4040 „caniculae
796 3988 870 4045 quas
897 3971 998 4042 collina
1025 3971 1115 4044 lintona
1137 3971 1250 4030 veltres
1273 3953 1388 4042 nuncn-¹

147 4068 257 4148 pant“,
280 4072 532 4148 Rolandssengen
555 4075 656 4144 veltres,
679 4074 757 4148 nyfr.
781 4075 907 4144 viautre,
928 4073 992 4132 ital.
1016 4074 1123 4133 veltro·
1161 4132 1163 4137 .

146 4223 170 4240 ,.
240 4177 287 4234 12.
332 4168 543 4252 decrescente]
569 4180 714 4236 oversset:
759 4177 840 4236 Naar
869 4177 927 4236 ved
953 4177 1003 4234 lav
1027 4177 1210 4250 ,Vandscand
1238 4179 1389 4256 Hundene

150 4279 281 4354 opjager
312 4280 380 4351 den,
415 4281 515 4340 stiller
549 4281 606 4338 den
642 4283 688 4338 sin
718 4281 796 4339 Trael
829 4301 869 4356 op
904 4281 978 4366 mod¹
996 4280 1144 4340 Hundene
1175 4283 1233 4341 ved
1254 4283 1388 4340 Vinduet

151 4401 195 4458 og
220 4381 345 4460 begiver
374 4385 422 4460 sig
450 4384 519 4442 med
546 4385 675 4445 Hunnen
705 4405 743 4460 og
765 4385 906 4465 Ungerne
934 4387 994 4444 ned
1016 4388 1027 4442 i
1049 4385 1101 4442 det
1122 4385 1265 4444 nederste
1290 4386 1390 4447 Smut·

148 4486 207 4546 hul
242 4486 370 4562 ligesom
403 4489 438 4546 til
471 4489 512 4546 sit
540 4488 627 4562 Hjom
661 4489 709 4548 for
743 4489 846 4547 derlra
882 4493 913 4546 at
944 4489 1020 4548 have
1052 4489 1161 4548 lettere
1193 4490 1324 4571 Adgang
1352 4491 1389 4550 til

149 4589 288 4661 Vandet;
322 4590 366 4648 thi
399 4592 465 4656 den
506 4592 601 4652 stolen
640 4613 721 4653 mere
760 4613 822 4672 ‚pas
852 4583 952 4668 ¹Flugt
988 4591 1122 4652 tilvands
1160 4592 1221 4651 end
1253 4593 1387 4655 tillands.

81 4743 84 4749 .
149 4691 240 4774 Naar,
263 4691 300 4750 de
323 4695 465 4754 arbeider
486 4716 547 4771 pas
568 4701 600 4756 at·
622 4697 716 4760 samle
738 4697 846 4767 Foden
869 4697 905 4756 til
927 4697 1081 4769 Vinteren,
1106 4695 1233 4836 ⁸k{5⁸i¹'⁰¹⁸
1256 4697 1293 4779 de
1318 4697 1388 4778 med
