3448 5428
360 413 423 476 266

362 592 536 660 Christum.
597 593 679 661 Erat
711 613 851 678 namque
884 595 955 662 eius
990 589 1139 658 doctrina
1171 589 1325 676 operibus
1360 605 1473 660 eorum
1508 583 1600 654 valde

361 699 533 766 cornaria.
585 697 666 765 Nam
698 700 830 781 quidam
862 699 1031 782 cujusdam
1052 695 1173 764 Kanuti
1195 696 1374 762 adversarii
1396 694 1467 776 ejus
1491 709 1601 758 munc-
1704 707 1705 750 2

360 804 450 871 ribus
480 803 632 886 corrupti,
667 805 798 887 quidam
821 805 954 886 propria
976 801 1104 868 malicia
1126 802 1255 867 accensi
1278 818 1394 866 novam
1416 798 1526 880 legem
1544 815 1601 879 pa-

359 909 461 974 ternis
483 909 611 990 legibus
643 909 838 976 contrariam
859 915 1061 988 cccccccccc,
1094 907 1243 972 ordinato
1277 905 1421 972 exercita
1453 904 1486 968 in
1521 902 1601 984 loco,

360 1013 417 1094 qui
448 1031 532 1079 nunc
565 1014 683 1080 dicitur
716 1013 926 1094 Stikelstade,
958 1030 1070 1094 regem
1103 1011 1189 1078 bello
1222 1014 1427 1092 exceperunt.
1473 1007 1599 1086 Quibus
1644 1013 1655 1057 ⁵
1704 1075 1705 1110 v

358 1116 415 1182 ille
438 1136 510 1184 cnm
530 1118 645 1200 paucis
668 1135 842 1185 occurrens
873 1117 1039 1197 occubuit;
1069 1135 1127 1199 pro
1161 1113 1335 1199 temporali
1357 1131 1458 1196 regno
1482 1113 1600 1196 accipi·
1704 1119 1705 1182 3

359 1239 417 1288 ens
441 1227 590 1290 eternum
619 1224 666 1306 iiij
701 1223 866 1290 Kalendas
889 1222 1040 1305 Augusti,
1063 1223 1155 1288 Anno
1180 1218 1414 1288 incarnationis
1439 1218 1602 1286 dominice

358 1344 399 1392 m.
422 1346 472 1393 xx.
495 1328 559 1410 viij.
1704 1323 1705 1402 ἶ

443 1429 552 1498 Lectio
574 1433 623 1515 iij.
666 1432 773 1500 Nocte
795 1451 871 1499 vero
894 1433 1093 1515 precedente
1117 1431 1204 1498 diem
1230 1430 1339 1496 obitus
1367 1430 1419 1495 sui
1448 1431 1603 1514 apparuit
1703 1483 1705 1544 ,

359 1535 389 1601 ei
403 1535 552 1602 dominus
565 1538 693 1604 means:
717 1538 799 1606 Veni
815 1537 919 1606 electe
935 1540 979 1604 mi
995 1542 1031 1604 ut
1048 1537 1196 1604 laborum
1212 1540 1341 1602 tuorum
1355 1533 1497 1601 fructum
1515 1535 1599 1604 acci·
1632 1534 1655 1577 ¹⁰
1704 1555 1705 1558 ’

357 1640 430 1723 pias
451 1641 484 1706 in
502 1641 615 1710 leticia
629 1645 837 1727 sempiterna.
884 1644 954 1723 Qua
973 1645 1098 1710 visione
1120 1640 1330 1708 inestimabili
1353 1642 1472 1724 gaudio
1495 1641 1601 1724 reple·

359 1751 424 1826 tus,
447 1747 612 1815 intellexit
634 1748 788 1816 divinitus
812 1748 888 1832 qvid
904 1745 1066 1830 significat
1082 1748 1171 1814 scala
1193 1745 1398 1829 quampride
1419 1747 1452 1811 in
1476 1748 1601 1814 somnis

358 1851 487 1918 viderat
503 1857 645 1920 erectam
663 1852 695 1920 in
713 1853 801 1921 celis.
846 1854 908 1921 Per
919 1871 1017 1936 quam
1036 1853 1149 1935 utique
1161 1854 1202 1919 ad
1216 1851 1373 1919 celestem
1383 1852 1521 1934 gloriam
1532 1857 1602 1920 erat

358 1973 567 2024 ascensurus.
611 1958 690 2024 Post
711 1963 846 2026 mortem
869 1963 980 2026 autem
1000 1957 1103 2041 ipsius
1123 1958 1234 2025 multis
1252 1976 1326 2025 eum
1343 1957 1493 2024 dominus
1505 1960 1600 2027 mira·

359 2062 441 2128 culis
462 2061 643 2130 illustravit.
685 2064 736 2129 De
758 2065 876 2147 quibus
898 2064 951 2130 hic
974 2063 1080 2146 aliqva
1103 2064 1348 2130 subnectuntur.
1387 2063 1438 2130 Tu
1460 2069 1580 2131 autem.
1632 2070 1655 2115 ¹⁵

442 2166 551 2234 Lectio
572 2169 633 2247 iiii.
677 2168 762 2235 Dum
784 2170 818 2236 in
842 2169 937 2236 domo
960 2166 1100 2252 quadam
1123 2169 1363 2235 sanctissimum
1387 2186 1506 2252 corpus
1533 2171 1601 2254 ejus

356 2271 561 2339 vulneratum
584 2273 721 2340 ministri
743 2274 911 2358 lavissent,
934 2279 1040 2361 ejecta
1063 2278 1115 2342 est
1137 2279 1213 2342 ante
1234 2274 1378 2341 hostium
1398 2294 1483 2358 aqua
1504 2277 1602 2344 mixta

358 2378 525 2460 sangvine,
559 2379 611 2461 qvi
646 2377 826 2447 defluxerat
855 2379 896 2446 de
924 2377 1030 2463 plagis
1060 2381 1138 2463 ejus.
1184 2380 1312 2447 Accidit
1333 2386 1441 2447 autem
1466 2386 1504 2448 ut
1533 2383 1600 2466 qvi-

357 2482 432 2548 dam
455 2487 644 2550 accusante
668 2483 798 2550 domum
820 2484 983 2552 transiens
1005 2483 1139 2552 caderet
1160 2487 1193 2552 in
1216 2486 1331 2552 eodem
1352 2487 1441 2567 loco;
1461 2505 1601 2570 cumque
1704 2511 1705 2548 1

357 2587 479 2670 digitos
510 2587 710 2656 madefactus
747 2607 820 2655 cnm
857 2589 944 2656 dicta
976 2608 1062 2671 aqua
1094 2592 1135 2658 ad
1169 2591 1282 2658 oculos
1317 2609 1396 2658 snos
1428 2591 1601 2662 reduceret
1629 2593 1653 2638 ²⁰

356 2694 510 2761 contnuo
533 2694 655 2762 clarum
677 2693 784 2761 visum
806 2693 940 2777 recepit.
1703 2781 1704 2784 Ἴ

441 2798 550 2865 Lectio
572 2821 599 2864 a.
646 2799 793 2882 Contigit
815 2800 912 2866 etiam
935 2804 1049 2866 sancto
1072 2798 1141 2866 viro
1166 2800 1270 2866 adbuc
1293 2800 1424 2882 viventi,
1456 2803 1489 2869 in
1522 2822 1599 2887 qua·
1703 2789 1704 2792 ¹

358 2901 432 2968 dam
454 2902 506 2970 die
530 2903 702 2986 dominica,
724 2905 881 2987 virgulam
904 2904 990 2972 torte
1012 2905 1068 2970 ubi
1089 2905 1257 2972 residebat
1278 2907 1439 2974 inventam
1465 2907 1598 2975 cultello

357 3026 452 3089 qvem
475 3026 571 3075 manu
593 3009 732 3076 tenebat
750 3008 942 3089 inscindere,
965 3011 1135 3077 immemor
1157 3009 1243 3091 qvod
1266 3010 1337 3078 dies
1360 3011 1525 3080 dominica
1546 3033 1598 3081 es·

356 3117 418 3177 set.
465 3113 552 3180 Unus
581 3121 691 3183 autem
721 3117 760 3183 de
789 3116 973 3184 astantibus
998 3115 1158 3181 indirecte
1182 3132 1254 3179 eum
1278 3116 1448 3182 admonuit
1470 3118 1597 3187 dicens:
1627 3131 1651 3176 ²⁵

355 3217 494 3285 Domine
528 3221 571 3287 mi
600 3239 659 3286 rex
687 3240 758 3288 cras
786 3226 837 3287 est
867 3221 1009 3288 secunda
1038 3219 1128 3286 teria.
1174 3220 1245 3299 Qua
1268 3223 1523 3290 commonitione
1544 3243 1600 3290 rex

355 3323 398 3388 ad
431 3341 466 3390 se
500 3343 651 3392 reversus
682 3325 796 3392 doluit.
828 3332 862 3392 et
891 3344 1003 3392 omnes
1026 3325 1193 3391 dolaturas
1214 3324 1303 3407 virge
1325 3326 1480 3409 colligens
1503 3347 1599 3413 super

355 3429 475 3496 nudam
499 3448 629 3497 manum
652 3449 742 3498 suam
768 3431 916 3498 totaliter
939 3430 1126 3497 combussit.
1173 3429 1297 3508 Quibus
1328 3433 1507 3499 combustis
1535 3453 1598 3501 ma·

357 3551 418 3600 nus
442 3535 511 3617 ejus
534 3535 628 3603 illesa
650 3537 818 3603 remansit.

444 3639 552 3707 Lectio
574 3641 615 3723 vj.
660 3640 740 3707 Erat
770 3640 802 3706 in
832 3639 933 3706 Dacia
963 3642 1091 3722 qvidam
1119 3641 1307 3724 prepositus
1339 3640 1433 3708 valde
1468 3661 1598 3725 perver-
1629 3652 1653 3696 ³⁰
1699 3679 1700 3718 ι

360 3761 418 3810 sus
440 3746 492 3827 qvi
514 3746 613 3812 beato
637 3745 731 3812 olavo
755 3750 789 3813 et
813 3745 882 3828 ejus
904 3745 1069 3811 miraculis
1096 3745 1285 3828 frequenter
1307 3744 1496 3826 derogabat.
1540 3748 1600 3814 Hic

359 3848 504 3917 habebat
526 3850 675 3918 ancillam
698 3852 831 3917 natione
860 3868 1095 3933 norvegensem
1122 3851 1220 3917 beato
1251 3850 1351 3916 Olavo
1382 3850 1475 3917 valde
1505 3852 1599 3921 devo·

360 3958 436 4020 tam.
483 3954 567 4021 Dum
602 3960 711 4023 autem
741 3956 880 4038 quadam
911 3955 981 4022 vice
1014 3956 1182 4024 adveniret
1204 3957 1272 4040 ejus
1294 3954 1470 4036 festivitas,
1496 3957 1598 4025 dictus
1698 3949 1699 3952 '

360 4061 550 4142 prepositus
582 4061 689 4142 coegit
710 4060 845 4128 eandem
869 4061 1020 4127 ancillam
1044 4080 1083 4128 ex
1108 4062 1178 4128 sola
1207 4062 1334 4128 malicia
1362 4066 1527 4130 temerare
1554 4063 1599 4130 ie·

360 4171 445 4231 stum
475 4167 545 4248 ejvs
579 4165 750 4247 coquendo
778 4183 892 4249 panes.
947 4166 1023 4249 Ipsa
1046 4171 1156 4232 autem
1180 4167 1280 4233 invita
1304 4171 1337 4234 et
1359 4173 1473 4234 coacta
1495 4168 1596 4252 impe·
1626 4169 1650 4218 ³⁵
1697 4177 1698 4190 ¹

360 4269 442 4335 rium
467 4269 656 4353 adimplevit
678 4289 750 4337 cum
774 4272 896 4352 gemitu
918 4271 1070 4339 invocans
1091 4276 1237 4338 sanctum
1260 4276 1444 4355 martyrem,
1468 4279 1505 4340 ut
1528 4293 1596 4342 cum

361 4375 469 4458 aliqvo
503 4376 595 4457 signo
628 4375 878 4457 perversitatem
907 4377 1066 4458 prepositi
1094 4375 1285 4444 refrenaret.
1334 4378 1418 4443 Mira
1442 4397 1506 4445 res.
1536 4397 1595 4446 uno
1696 4401 1697 4410 ¹

360 4480 476 4545 eodem
505 4485 668 4547 momento
698 4481 886 4562 prepositus
918 4481 1058 4547 cecitate
1086 4483 1277 4562 percutitur,
1307 4487 1341 4547 et
1362 4500 1464 4565 panes
1487 4485 1520 4549 in
1543 4485 1596 4550 cli·

359 4584 444 4650 bano
467 4586 499 4650 in
521 4584 649 4667 lapides
673 4589 914 4651 convertuntur.
