3524 5424
277 446 447 497 HISTORIA
466 447 514 496 DE
533 445 769 502 ANTIQUITATE
787 444 911 496 REGUM
929 443 1241 498 soawaonaasmu.
1337 445 1379 508 2?

134 631 297 711 perlatum
321 633 372 696 est
394 631 433 694 ad
458 649 542 712 eum,
566 631 741 695 adventare
765 629 875 694 Haeon
898 629 999 694 filium
1021 629 1108 694 Eriei
1143 647 1215 693 enm
1251 629 1377 693 duabus

133 736 283 815 navibus,
306 723 368 800 una
382 755 491 816 parve,
515 751 682 817 quamuos
705 751 857 799 vocamus
881 739 1005 809 scuta,
1028 733 1132 797 attera
1159 734 1376 813 ionga‚quam

133 843 259 922 antiqui
283 842 442 906 vocabant
461 841 678 918 liburnam,
703 840 788 904 unde
813 843 846 902 et
869 839 1040 903 Horatius:
1112 845 1115 848 '

338 945 404 1009 ibis
428 945 563 1010 liburnis
585 945 671 1010 inter
692 945 758 1009 alta
781 945 920 1022 navium,

86 1071 100 1121 5
340 1051 451 1128 amice
476 1050 727 1131 propugnacula.

214 1156 289 1233 Quo
313 1159 476 1236 comperto
501 1154 622 1219 Oiavus
645 1159 758 1220 noster
780 1154 977 1235 excogitavit
1001 1153 1185 1236 hujusmodi
1205 1117 1376 1233 laqueum·

130 1260 205 1326 feeit
230 1277 331 1325 naves
353 1279 427 1324 suas
452 1260 497 1324 uit
484 1259 642 1324 trinsecus
667 1280 684 1324 e
714 1266 827 1323 contra
853 1257 964 1336 iocari,
997 1265 1030 1323 et
1063 1259 1139 1340 quia
1172 1257 1264 1322 loeus
1301 1262 1372 1321 erat

129 1365 392 1445 angustissimus,
417 1365 532 1429 cordas
557 1366 643 1429 inter
664 1365 753 1445 ipsas
775 1379 874 1428 naves
901 1363 1014 1443 tendi¹,
1038 1381 1110 1444 quae
1133 1369 1200 1428 tam
1221 1361 1372 1426 fluetibus

129 1471 344 1550 operirentur,
367 1489 408 1533 ne
432 1470 542 1534 dolum
565 1469 765 1548 detegerent,
791 1473 829 1532 ut
851 1469 926 1533 dum
949 1469 994 1533 ibi
1017 1467 1139 1533 incauti
1157 1468 1371 1547 irretirentur,

70 1595 96 1636 ro
128 1574 223 1638 illaesi
248 1579 284 1638 et
306 1574 374 1638 sine
398 1575 564 1654 sanguinis
584 1572 743 1640 effusione
760 1575 788 1638 si
806 1571 877 1637 fieri
895 1579 1010 1655 posset
1030 1581 1232 1655 caperentur.
1278 1572 1371 1651 Quod

127 1686 160 1745 et
181 1681 229 1744 ita
254 1679 406 1758 contigit3
430 1698 502 1743 nam
525 1677 702 1743 adveniens
725 1674 850 1757 Hauon,
871 1679 915 1742 nil
947 1678 1034 1743 aliud
1058 1681 1241 1761 suspicatus
1276 1695 1394 1759 quam.

127 1789 338 1862 mercatorea
370 1783 487 1850 iiieoa
517 1801 596 1864 rege
631 1788 744 1866 captus
778 1788 842 1848 est.
885 1783 934 1850 Ibi
968 1788 1045 1850 tuno
1078 1785 1238 1865 abjuravit
1268 1780 1372 1848 'totam

127 1891 220 1956 illam
240 1893 371 1972 partem
382 1888 569 1968 Norwagiaa
594 1907 689 1968 quam
707 1890 778 1971 ipse
799 1893 967 1968 tenuerat;
984 1890 1058 1955 inde
1079 1889 1245 1971 profectus
1269 1894 1319 1954 est
1339 1887 1374 1954 in

128 1994 290 2074 Angliam.
336 1993 456 2057 Sueino
486 2011 562 2058 vero
597 1994 773 2059 avunculus
810 1995 879 2077 ejus
912 2013 983 2060 cum
1018 1993 1165 2060 audisset
1199 1994 1372 2060 adventura

72 2115 97 2159 ιι
129 2099 219 2165 beati
241 2098 345 2176 Oiavi,
369 2097 506 2162 collecto
531 2097 688 2162 exercitur
710 2117 783 2164 mox
805 2105 896 2166 eum³
918 2099 1107 2181 insequitur.
1153 2097 1273 2164 Olavus
1295 2115 1372 2162 vero

129 2223 185 2269 ren
199 2238 240 2248 ·-
253 2201 317 2268 hoc
341 2203 427 2268 enim
445 2201 609 2271 uomen⁴a
624 2203 692 2268 suis
701 2204 768 2285 jam
781 2205 917 2270 sortitus
937 2203 1052 2284 fuerat,
1068 2222 1155 2270 more
1169 2203 1374 2286 antiquorum

129 2308 451 2389 Romanorumque
474 2312 508 2372 et
530 2293 575 2375 ibi
599 2307 759 2374 exercitus
777 2307 841 2373 sibi
859 2307 987 2374 solebat
1010 2327 1121 2376 creare
1143 2301 1374 2390 imperatorem

131 2421 163 2478 et
194 2415 324 2494 regium
360 2431 476 2478 nomen
508 2414 675 2494 imponere
710 2449 748 2458 —-
784 2412 934 2478 diffidens
958 2414 1049 2497 [ergo
1080 2413 1152 2480 ren⁵
1181 2413 1221 2478 de
1256 2412 1375 2477 auxilio

129 2519 389 2586 Throndensium
412 2520 562 2600 (noverat
584 2517 668 2584 enim
694 2536 804 2583 eorum
827 2517 1016 2586 facilitatem
1037 2517 1082 2584 ‘et
1111 2517 1375 2594 inconstantiam)

73 2635 99 2679 ιο
131 2624 271 2688 secessit
302 2623 337 2686 in
370 2624 572 2704 superiorem
602 2623 799 2704 provinciam
835 2622 961 2704 ibique⁶
988 2623 1145 2689 hiemavit
1167 2642 1239 2690 cum
1261 2623 1375 2689 vitrico

202 2824 267 2874 ¹11.
297 2825 394 2876 tetendi
421 2827 471 2880 AS.
515 2825 597 2878 'Ka
616 2828 727 2878 exercita
753 2827 782 2893 ιι)
806 2829 838 2882 A.
881 2827 938 2882 ³S.
962 2827 1036 2880 illam
1060 2826 1117 2880 Ax.
1153 2825 1238 2876 ΗΚ.
1263 2827 1324 2890 mgl.
1349 2827 1376 2878 S.

132 2913 216 2969 ἰιι
236 2912 344 2990 ιιιοιιιι
361 2913 395 2965 K.
432 2913 519 2968 θΜΩ
538 2915 575 2964 ibi
593 2914 618 2968 S.

132 3177 193 3214 sem
216 3159 257 3214 til
279 3155 424 3232 bardaga.
446 3157 528 3215 hann
550 3159 647 3235 laaggr
670 3162 769 3217 sinum
798 3163 898 3236 megin
932 3179 1063 3218 sunnens
1087 3159 1182 3218 hvarn
1210 3159 1375 3232 knorrenn.

132 3263 219 3352 Sioan
244 3261 291 3318 let
312 3261 392 3318 hanu
415 3282 487 3320 vera
510 3265 619 3339 staengi
641 3265 788 3324 ikaveno
823 3266 897 3324 milli
931 3265 1090 3340 skipanna.
1114 3293 1155 3302 -
1179 3292 1218 3302 -
1240 3265 1266 3322 A
1289 3264 1377 3338 basim

132 3367 210 3444 daagi
235 3366 329 3441 sigldi
351 3367 459 3426 Hakon
481 3364 538 3425 iarl
567 3367 743 3427 AEirikssun
775 3376 810 3428 ut
843 3370 922 3428 aeftir
957 3368 1090 3428 eundinn
1125 3365 1379 3443 Sautungssundi

131 3472 194 3530 met
227 3473 251 3546 ij
288 3471 366 3547 skip.
401 3491 467 3530 var
501 3479 616 3531 annet
649 3473 836 3550 langskip
869 3495 913 3532 en
948 3478 1068 3532 annet
1101 3473 1229 3533 skuta.
1262 3498 1305 3514 ·-··
1338 3501 1377 3512 --

131 3559 312 3650 haftu'ireir
343 3575 381 3650 ira
413 3576 499 3636 litum
531 3597 593 3654 agg
616 3597 633 3635 a
656 3597 707 3635 ser
728 3575 767 3654 iao
791 3584 823 3636 at
844 3579 952 3638 Heleon
988 3599 1028 3638 sae
1063 3579 1170 3654 skipen
1205 3581 1215 3636 i
1244 3579 1377 3638 sundinu

131 3679 195 3738 firir
217 3699 279 3738 sar.
303 3669 368 3738 ιιιιι
389 3679 440 3754 bui
464 3687 495 3740 at
515 3683 596 3741 henn
622 3671 709 3742 aetlar
728 3684 901 3760 kaupmann
923 3704 995 3742 vera
1017 3704 1045 3742 o.
1070 3705 1094 3741 s.
1118 3704 1144 3755 ι.

216 3785 248 3843 3.
293 3779 453 3862 Horatius]
465 3784 572 3874 Epoda
584 3787 607 3857 Ι,
624 3791 712 3848 1—2.
736 3787 819 3847 Forf.
836 3787 892 3847 har
902 3805 962 3865 paa
973 3787 1080 3848 Grund
1094 3789 1127 3846 af
1139 3789 1219 3860 „alta
1230 3791 1376 3847 montium

133 3888 384 3967 propugnacula“
410 3891 488 3949 forst
475 3895 559 3949 taaet
582 3889 749 3966 „liburnaa“
774 3913 822 3952 om
847 3897 954 3951 store
978 3893 1083 3953 Skibe.

221 3996 292 4054 14.
302 3987 559 4070 avunculus]=
583 3999 710 4072 patruus
735 3993 841 4069 (midd.
864 3993 942 4069 lat),
966 3999 1002 4056 fr.
1028 4000 1123 4056 onoie.

221 4103 269 4159 18.
315 4098 456 4158 diffidens
482 4099 519 4158 de
543 4077 924 4176 auxilioThrondensium]
949 4101 1032 4188 Fors.
1052 4101 1181 4178 kjender
1200 4100 1377 4176 ligesealidt

135 4224 198 4263 eom
222 4184 321 4280 A'grip
344 4205 380 4263 til
404 4203 493 4262 Oiavs
521 4207 585 4263 lete
608 4203 673 4281 Tog
694 4203 730 4263 til
760 4203 902 4264 Nidaros.
946 4183 1029 4265 Hane
1060 4208 1137 4267 Dom
1169 4224 1216 4264 om
1239 4205 1376 4273 Thtand·

137 4327 207 4368 erne
241 4309 386 4368 henviser
407 4310 443 4366 til
467 4309 565 4367 disses
590 4309 742 4386 Stilling
732 4331 742 4367 1
766 4308 880 4424 Partist
867 4311 1098 4388 tridighedarne
1130 4311 1228 4370 under
1245 4305 1375 4388 Magnus

134 4412 328 4488 Erlingsean.

221 4518 272 4577 20.¹
316 4509 459 4592 secessit]
485 4519 549 4576 sml.
573 4499 672 4595 Agrip
695 4521 751 4577 44:
794 4520 882 4577 Hann
906 4539 962 4579 uer
988 4539 1045 4578 enn
1074 4523 1171 4592 frusta
1198 4525 1265 4578 retr
1292 4521 1376 4596 leng-

138 4624 216 4680 etom
238 4619 305 4696 meir
331 4619 451 4696 Sigurbi
472 4625 551 4698 magi
574 4625 669 4681 sinom
694 4643 711 4680 a
732 4623 943 4700 Upplarndom‚
969 4645 1005 4682 en
1029 4627 1064 4683 of
1085 4627 1168 4683 uerit
1201 4625 1280 4683 efter
1303 4607 1381 4683 sotii

138 4707 247 4786 Steinn
271 4723 330 4784 ieri
353 4723 420 4801 meli
442 4726 587 4785 herseildi
610 4730 620 4784 i
642 4727 713 4787 land
736 4727 812 4786 hans
836 4733 871 4788 oe
893 4729 986 4789 haldo
1019 4734 1140 4789 orrosto
1173 4729 1220 4788 ιιι
1254 4727 1377 4788 Nesiom
