3496 5424
334 363 339 372 .
411 408 472 469 166
708 398 943 453 ITINERABIUH
966 399 1005 450 IN
1026 395 1169 448 bnassu
1188 393 1358 446 SANGTAH.

317 623 333 733 Ὶ
494 587 543 650 De
565 582 629 650 isto
649 582 724 650 loco
747 582 862 665 incipit
883 585 981 661 terra,
1003 598 1075 662 qnae
1097 580 1230 646 Beata
1252 578 1370 647 dicitur
1391 577 1568 644 secundum
1590 591 1643 641 an·

411 691 532 773 tiques,
565 688 743 756 secundum
777 704 853 764 uero
886 685 1061 752 modernos
1093 690 1229 752 uocatur
1262 686 1296 750 et
1328 683 1572 762 Frontarea,
1606 699 1643 746 eo

410 794 498 877 qnod
518 793 609 860 frons
633 798 686 858 est
708 791 955 857 christianitatis
977 790 1097 857 ibidem
1125 795 1237 856 contra
1257 787 1405 855 infideles
1428 791 1462 853 et
1483 785 1529 853 ibi
1552 803 1644 868 opor-

409 901 479 966 teat
501 899 581 963 dura
602 897 710 962 fronte
732 895 909 962 barbaricis
932 895 1115 976 agminibus
1137 895 1274 960 viriliter
1294 891 1437 960 obviare.

492 1002 555 1069 Hic
582 1001 687 1084 primo
718 999 847 1065 venitur
874 1001 916 1066 ad
945 1017 1068 1078 nasum,
1099 999 1156 1080 qui
1184 996 1361 1080 Hispanico
1391 996 1509 1062 dicitur
1536 994 1644 1060 Gaba
1687 1005 1698 1048 ⁵

410 1108 455 1173 de
477 1106 604 1186 Beta¹,
626 1107 743 1186 postea
763 1104 805 1169 ad
828 1103 937 1186 alium,
961 1105 1016 1188 qui
1039 1103 1157 1170 dicitur
1179 1103 1287 1169 Gabo
1310 1103 1358 1168 de
1379 1101 1507 1181 Plata,
1530 1099 1646 1166 deinde

410 1213 451 1278 ad
473 1211 616 1292 tertium,
640 1208 695 1291 qui
718 1207 928 1275 Sarracenice
950 1206 1100 1274 vocatur⁹
1120 1207 1340 1288 Tantaleae,
1362 1207 1413 1272 cui
1436 1224 1474 1271 ex
1496 1205 1646 1286 opposito

407 1315 524 1381 -boc
542 1320 593 1381 est
610 1314 650 1379 ad
669 1313 835 1398 meridiem
848 1310 932 1376 -in
954 1311 1072 1378 affrica
1092 1317 1143 1379 est
1163 1329 1255 1378 mons
1279 1310 1467 1390 altissimus,
1491 1309 1546 1391 qui
1569 1309 1646 1374 dici-

409 1425 462 1488 tur
485 1418 596 1485 cabo
628 1417 675 1484 de
706 1413 901 1500 SparteH
952 1417 1001 1482 Ex
1023 1416 1086 1482 isto
1108 1417 1181 1484 loco
1205 1421 1283 1482 sunt
1305 1415 1476 1482 Sarraccni
1498 1433 1537 1480 ex
1558 1418 1646 1478 ntra-

410 1542 472 1606 que
501 1526 606 1604 parte,
638 1539 774 1604 regnum
803 1521 955 1590 Granatsc
986 1522 1027 1588 ad
1055 1521 1219 1590 sinistram
1249 1522 1282 1588 in
1303 1520 1471 1606 Hispania,
1501 1536 1578 1586 vero
1608 1519 1647 1584 ad
1677 1526 1699 1568 1⁰

411 1627 578 1693 dexteram
601 1625 728 1696 Affrica.
1098 1691 1112 1704 „
1350 1709 1354 1716 Ι
1459 1711 1460 1714 ¹

493 1730 592 1797 Modo
621 1729 793 1798 inchoatur
822 1730 956 1796 strictus
985 1729 1254 1812 Mamocbitanus,
1282 1730 1339 1795 ubi
1362 1729 1403 1795 ad
1425 1728 1595 1794 sinistram
1617 1729 1649 1794 in
1728 1717 1729 1772 i

411 1835 556 1903 Granata
579 1840 631 1901 est
663 1839 814 1913 castrum,
847 1835 935 1915 quod
964 1835 1081 1900 dicitur
1109 1835 1348 1915 Galcadara,
1378 1852 1418 1900 cx
1440 1833 1595 1916 opposito
1618 1835 1648 1899 in
1728 1823 1729 1864 ³

411 1939 531 2008 Affrica
559 1957 651 2008 mons
682 1939 839 2006 maximus
873 1957 971 2022 super
1000 1940 1184 2024 Oeptam3
1219 1939 1352 2012 deinde,
1367 1939 1400 2006 in
1430 1939 1578 2004 Granata
1610 1938 1648 2002 ad

409 2045 523 2114 iaevam
547 2045 670 2128 inipso
695 2045 811 2114 strictu
834 2043 949 2110 civitas
972 2063 1096 2126 magna,
1121 2064 1194 2128 qua
1215 2041 1485 2114 Iacer-,eteris
1503 2047 1647 2123 vocatur,
1677 2055 1698 2100 1⁵

410 2170 449 2218 ex
461 2151 615 2237 opposito
628 2150 670 2236 ad
683 2149 848 2219 dexteram
860 2151 894 2214 in
905 2148 1025 2218 affrica
1046 2149 1266 2240 Geptensis
1289 2148 1403 2216 civitas
1418 2147 1648 2214 famosissima.

407 2335 410 2342 ¹
494 2256 606 2343 Usque
640 2254 681 2321 ad
714 2253 813 2320 istum
846 2254 954 2322 locum
984 2254 1024 2322 de
1054 2254 1236 2335 Ulixibona,
1269 2254 1333 2321 boc
1362 2258 1413 2322 est
1435 2253 1476 2320 ad
1499 2253 1649 2320 strictum

412 2360 695 2442 marrochitanum,
718 2363 769 2426 est
789 2358 854 2426 iter
876 2361 1013 2426 duorum
1036 2358 1163 2426 dierum
1186 2365 1220 2426 et
1242 2361 1377 2427 duarum
1399 2359 1554 2440 noctium,
1581 2378 1650 2428 cum

410 2469 527 2534 ventus
557 2466 599 2532 ad
628 2463 758 2534 libitum
786 2463 935 2546 habetur,
959 2468 994 2552 et
1015 2467 1159 2550 possunt¹
1174 2464 1331 2540 aestimari
1353 2464 1593 2546 quadringenta
1620 2469 1650 2532 ct

407 2569 624 2639 rutilianis.
1093 2640 1096 2646 ,
1675 2587 1697 2633 so

494 2676 572 2742 Post
595 2674 756 2742 modicum
779 2671 938 2756 spatium
967 2673 1057 2756 jacet
1076 2674 1110 2740 in
1132 2675 1265 2742 strictus
1287 2674 1378 2740 exitu
1397 2692 1436 2740 ex
1456 2678 1552 2758 parte
1576 2675 1649 2740 sini·

409 2785 480 2848 stra
501 2781 534 2850 in
561 2779 707 2846 Granata
734 2782 877 2848 castrum
907 2778 1081 2845 maximum
1111 2785 1145 2844 et
1171 2779 1395 2860 fortissimum,
1423 2779 1511 2862 quod
1533 2779 1650 2846 dicitur

410 2883 649 2962 Gibcltare,
672 2882 737 2950 alio
760 2881 890 2948 nomine
913 2881 1035 2961 Vulan;
1070 2882 1189 2948 dicitur
1216 2887 1250 2950 et
1282 2885 1369 2966 quod
1397 2888 1468 2952 tota
1489 2883 1649 2970 Hispania

410 2990 582 3074 quondam,
615 3006 687 3055 cum
721 2991 813 3055 esset
843 2985 1105 3068 christianorum,
1137 2992 1286 3071 tempore
1313 2989 1430 3054 Rodici
1457 2988 1545 3070 regis
1576 2989 1648 3056 inde
1727 2973 1728 3030 ἕ

408 3094 538 3177 perdita
559 3091 630 3160 tuit.
674 3092 737 3158 Hic
768 3094 802 3157 et
830 3091 969 3174 projecit
997 3091 1139 3158 Karalus
1166 3111 1302 3178 magnus
1331 3094 1480 3162 lanceam
1501 3111 1597 3160 suam
1618 3094 1648 3158 in
1675 3105 1697 3152 u

409 3217 498 3267 mare
531 3196 694 3278 acquisita
725 3199 798 3261 tota
823 3194 993 3278 Hispania,
1024 3214 1098 3266 cum
1126 3203 1263 3282 propter
1291 3217 1381 3267 marc
1408 3198 1546 3264 ulterius
1570 3197 1647 3280 ipro-

408 3303 499 3384 gredi
521 3318 586 3368 non
609 3304 732 3383 posset.

492 3407 542 3472 De
565 3406 681 3472 stricta
696 3401 937 3472 Marrocbitano
954 3407 1045 3488 jacet
1067 3409 1191 3472 rectum
1208 3407 1272 3472 iter
1289 3408 1441 3474 continue
1459 3407 1554 3490 juxta
1571 3409 1647 3473 Gra·

409 3515 518 3578 natam
547 3528 652 3593 usque
674 3510 895 3592 Kartaginem.
946 3509 996 3576 De
1017 3509 1083 3575 isto
1106 3511 1224 3578 strictu
1245 3511 1360 3594 incipit
1381 3530 1469 3578 mare
1492 3499 1645 3580 mediter-

371 3659 384 3671 »
408 3631 542 3683 rancum
562 3614 684 3698 primo⁶
706 3618 887 3698 angustum,
908 3615 964 3681 sed
988 3615 1054 3680 cito
1077 3632 1191 3681 versus
1213 3614 1398 3681 barbariam
1417 3617 1459 3682 ad
1477 3617 1646 3683 meridiem
1674 3648 1697 3694 30

409 3720 591 3803 ampliatur.
635 3719 729 3786 Istum
758 3737 893 3802 regnum
918 3718 1070 3785 Granata
1101 3719 1197 3786 durat
1218 3738 1279 3802 per
1300 3721 1480 3803 quingenta
1508 3721 1647 3788 miliaria

405 3826 609 3909 juxtam-are,
631 3842 668 3890 ac
692 3824 907 3906 deinceps-
930 3824 992 3890 hoc
1015 3827 1076 3906 est,
1101 3823 1141 3890 de
1165 3823 1283 3892 stricta
1301 3859 1341 3874 -
1360 3830 1411 3892 est
1431 3826 1522 3892 istud
1544 3831 1646 3892 totum

407 3947 499 3997 mare
521 3946 580 4012 per
603 3928 742 3995 miliaria
763 3929 960 3995 distinctum.
1001 3929 1051 3995 De
1082 3928 1199 3996 stricta
1227 3929 1269 3995 ad
1298 3930 1464 3996 civitatem
1487 3931 1647 4012 Malaga

409 4039 485 4101 sunt
507 4039 636 4101 centum
665 4033 812 4101 miliaria.
867 4034 918 4100 De
948 4033 1075 4117 Malaga
1103 4033 1146 4098 ad
1172 4033 1368 4112 Maietam
1399 4033 1541 4102 ducenta·
1566 4035 1645 4100 mili·

409 4253 413 4260 Ι
489 4189 656 4254 ¹oprindelig
673 4189 730 4240 stod
747 4189 847 4253 Pothia,
865 4205 922 4241 men
940 4196 1015 4240 rettet
1032 4189 1061 4238 til
1079 4190 1144 4240 Bata
1159 4187 1210 4270 ‘cd
1256 4185 1402 4254 ’vogatur
1418 4189 1464 4242 Cd.
1511 4187 1645 4256 ⁸Spartiel
1726 4187 1727 4250 3

407 4277 455 4332 Oti·
491 4273 581 4342 ‘mgb
599 4275 645 4330 cd.
681 4273 767 4343 ‘post
784 4274 829 4329 Cd.
1283 4275 1285 4279 ·
1726 4263 1727 4288 ι

493 4401 521 4457 7.
565 4389 737 4474 Tanfalaga]
763 4379 845 4457 arab.
867 4397 943 4458 Tarf
956 4398 1086 4484 ¹abagar,
1109 4417 1151 4458 nu
1172 4397 1339 4494 Trafalgar.

450 4563 453 4570 ·
498 4541 545 4602 14.
590 4527 898 4614 deprehendente.

495 4675 543 4734 15.
586 4661 798 4746 nezer-serre]
822 4670 905 4730 aras.
929 4645 1143 4745 corosanam,
1166 4691 1208 4731 nu
1229 4671 1345 4732 naara.

494 4809 543 4867 23.
588 4796 759 4881 Gibeltere]
783 4805 866 4866 arab.
889 4780 1091 4882 (isbal-dariis,
1110 4823 1154 4865 nu
1176 4803 1340 4866 Gibraltar.
