3448 5428
338 413 401 474 ssbd

338 595 494 674 sanguine
518 593 679 662 madebat.
725 595 869 678 Guurque
892 597 1013 678 digitos
1031 615 1109 664 suos
1134 595 1333 662 madaiaetos
1353 595 1467 660 cadam
1491 611 1577 674 aqua

339 697 379 762 ad
403 697 516 764 oculos
538 715 614 764 euos
634 700 832 766 reduxisset:
856 699 943 766 illico
968 701 1101 768 detersa
1117 701 1256 782 caligine
1272 700 1379 766 lumen
1402 698 1576 782 pristinum

339 801 472 881 recapit.
516 801 625 868 Mirati
648 808 726 870 suni
748 806 937 886 omnesqui
960 806 1132 872 audierunt
1152 805 1334 870 nouitatem
1357 801 1519 869 miraculi:
1542 807 1579 868 et

340 905 483 969 diuinam
510 906 667 986 pietatem
696 909 801 990 dignis
830 909 974 976 extulere
1001 909 1177 992 preconiis:
1207 909 1262 991 qui
1285 912 1458 990 martyrem
1483 923 1577 971 auum

339 1011 404 1072 tam
428 1010 544 1092 insigni
563 1013 718 1078 miraculo
741 1011 919 1080 clarificare
942 1013 1144 1096 dignabatur.
1633 1016 1648 1061 ⁵

423 1122 506 1197 Reap.
549 1123 724 1182 Deuanerat
750 1127 857 1184 martir
887 1131 945 1186 etc.

422 1245 489 1284 aare.
534 1227 572 1286 Hi
595 1247 667 1304 ergo
689 1229 819 1290 collecto
842 1236 900 1290 atc.

421 1322 532 1388 Lectio
559 1325 625 1404 ciij.
670 1326 766 1407 Apud
788 1327 897 1393 vrbem
921 1325 1207 1408 constatinopolim
1237 1323 1375 1391 celebria
1405 1327 1457 1388 est
1487 1322 1578 1388 beati

339 1427 425 1494 claui
459 1429 546 1510 regia
578 1431 749 1496 memoria:
791 1437 825 1498 et
854 1433 886 1496 in
919 1433 1054 1498 ciuitate
1094 1428 1208 1497 eadam
1242 1430 1284 1495 ad
1316 1429 1473 1494 honorem
1505 1426 1578 1490 cius

337 1530 497 1598 fabricata
526 1537 576 1598 ast
602 1533 748 1600 ecclesia
798 1536 925 1602 Accidit
953 1534 1037 1600 enim
1067 1533 1205 1616 quadam
1226 1535 1425 1614 tempestate
1447 1535 1483 1596 vt
1503 1548 1577 1612 pra·
1616 1537 1649 1582 ¹⁰
1723 1568 1724 1575 κ

336 1632 405 1700 iate
432 1634 519 1700 vrbis
548 1636 725 1718 imperator
753 1641 900 1706 exercitu
928 1639 1067 1706 collecto
1098 1637 1258 1706 aduersus
1288 1636 1451 1718 quendam
1479 1653 1577 1716 paga·

337 1757 452 1805 norum
485 1758 595 1822 regem
629 1739 825 1822 preliatume
854 1743 1052 1826 procederet
1084 1742 1232 1808 ordinate
1260 1747 1397 1822 utreque
1425 1740 1512 1804 acies
1542 1743 1580 1804 et

337 1843 447 1909 studio
470 1844 602 1910 militari
626 1846 783 1927 disposite
806 1848 927 1914 ballum
949 1849 1072 1914 ineunt.
1117 1847 1281 1912 inuadunt
1302 1829 1401 1926 i'gitur
1423 1841 1578 1908 christia-

337 1965 397 2014 nos
424 1948 582 2015 acemima
609 1948 753 2016 barbari:
788 1958 822 2016 ct
849 1951 954 2032 primo
980 1970 1157 2034 progressu
1179 1951 1320 2016 victores
1344 1948 1498 2014 existunt
1521 1965 1578 2013 oc·

337 2052 460 2118 cumbit
481 2071 558 2134 pars
581 2072 697 2135 magna
717 2072 905 2136 grecorum:
937 2060 971 2120 ci
989 2055 1156 2120 christiani
1180 2053 1342 2120 exercitus
1364 2051 1578 2119 robur-clan-
1617 2053 1649 2100 15

337 2162 424 2238 goat.
457 2157 616 2224 Restabat
646 2159 733 2224 acies
755 2176 819 2224 non
847 2160 977 2241 mandis
1008 2177 1072 2244 que
1105 2157 1185 2224 nihil
1217 2156 1305 2224 aliud
1332 2156 1581 2238 prestolabatur

334 2260 397 2328 nisi
420 2265 568 2330 murtam.

1016 1203 1054 1228 ε
1077 1199 1107 1256 p.
1132 1175 1271 1239 asse-⁸.

422 2375 504 2454 nep.
548 2377 698 2454 Egregius
721 2381 835 2454 martyr
856 2383 914 2440 etc.

419 2500 488 2540 uere.
531 2483 566 2542 In
589 2483 788 2542 admiratione
811 2488 869 2542 etc.

419 2575 528 2644 lectio
547 2580 592 2646 ic.
637 2579 810 2646 Desolatus
833 2597 911 2662 ergo
941 2581 1120 2662 imperator
1150 2583 1185 2646 et
1213 2577 1282 2644 iere
1310 2575 1409 2642 corde
1436 2575 1578 2642 dissolu·
1615 2587 1650 2633 ao

991 2455 1030 2477 =
1052 2451 1083 2508 p.
1109 2427 1282 2490 agger-as,

339 2688 409 2751 tua:
441 2682 483 2748 ud
517 2683 682 2752 dominum
705 2703 740 2752 sa
770 2689 965 2752 conuertens
989 2685 1142 2751 armillum
1171 2681 1223 2748 dei
1253 2687 1287 2748 et
1315 2681 1405 2750 beati
1427 2682 1580 2763 martyris

338 2805 434 2870 opem
456 2787 598 2870 perfusis
616 2789 812 2870 implorabat
833 2789 988 2854 lacrimis:
1013 2806 1109 2870 quam
1131 2786 1336 2869 prolusticia
1356 2786 1579 2868 pugnantibus

338 2891 526 2973 frequenter
558 2893 673 2958 adesse
708 2892 872 2960 referente
905 2893 1073 2960 didicerat.
1128 2891 1260 2958 Uouent
1287 2909 1324 2958 ee
1353 2892 1414 2956 sub
1448 2891 1580 2956 nomine

340 2997 489 3078 martyris
512 3001 545 3062 et
567 2999 599 3062 in
622 2981 746 3064 honora
774 3002 887 3063 sancte
915 2997 1018 3064 marie
1044 2996 1178 3076 virginis
1207 2997 1240 3062 in
1268 2997 1346 3062 vrbe
1369 2996 1459 3076 regia
1479 2995 1580 3061 fabri-

339 3105 468 3166 caturos
491 3102 662 3167 ecclesiam
684 3103 712 3167 si
736 3103 805 3168 aius
827 3103 1015 3170 interuentu
1036 3102 1177 3167 victores
1193 3106 1407 3168 remanerent.
1453 3100 1579 3183 Opre-
1615 3107 1650 3152 ²⁵
1721 3183 1722 3186 Ἴ

340 3205 461 3270 clarum
485 3209 519 3270 et
540 3205 665 3286 insigne
689 3206 887 3272 miraculum.
911 3210 1049 3289 apparet
1072 3207 1183 3270 martir
1205 3195 1401 3287 quibu'sdam
1423 3204 1465 3270 dc
1487 3223 1581 3270 exer-

340 3309 406 3374 citu
428 3313 462 3373 ct
484 3307 690 3374 christianam
715 3309 819 3374 aciem
836 3309 969 3391 signifer
985 3309 1121 3390 insignis
1142 3308 1298 3392 precedit.
1342 3307 1467 3375 Horror
1488 3310 1581 3375 inua-

339 3415 385 3480 sit
405 3413 556 3478 hostilem
581 3413 773 3478 axarcitum:
803 3419 836 3478 et
863 3419 953 3480 metu
975 3413 1085 3478 diuino
1107 3413 1251 3496 perculsi
1273 3430 1385 3478 omnes
1409 3417 1581 3478 vomuntur

339 3519 371 3584 in
394 3518 512 3599 iugum.
557 3515 611 3582 Fit
634 3535 832 3599 paganorum
865 3523 991 3600 strages
1014 3535 1079 3583 non
1102 3517 1248 3583 minima:
1279 3523 1313 3584 et
1334 3517 1444 3583 multis
1468 3517 1582 3582 onusti

338 3622 452 3704 spoliis
475 3622 615 3687 victores
639 3621 807 3686 christiani
836 3627 1052 3688 reuertuntur.
1096 3620 1279 3702 Imperator
1303 3621 1403 3704 igitur
1426 3627 1579 3688 conamu-
1615 3626 1650 3670 ³⁰

338 3726 507 3808 tinopolim
530 3742 699 3807 regressus
717 3743 788 3791 cum
805 3726 956 3792 victoria:
980 3731 1014 3792 et
1034 3725 1101 3791 voti
1123 3743 1187 3806 quo
1206 3743 1242 3792 sc
1266 3725 1469 3807 obligauerat
1490 3726 1580 3808 apud

251 3887 255 3894 .
338 3835 512 3912 martyrem
535 3847 599 3896 non
621 3830 807 3898 immemor:
832 3829 1004 3896 ecclesiam
1026 3834 1062 3896 rt
1081 3835 1217 3896 nouerat
1237 3829 1418 3896 fabricauit.

423 3941 505 4018 Iicap.
549 3939 614 4002 Rex
634 3942 759 4000 inclitus
784 3969 821 3982 -··
844 3943 1045 4002 iocunditatis
1194 4013 1234 4036 ξ
1312 3989 1475 4051 ΗΕΒ-88

423 4066 490 4105 vcra.
534 4045 631 4106 Felici
653 4047 834 4106 commercio
857 4076 898 4087 —-
917 4037 1020 4124 'gloria
1041 4047 1123 4122 regis
1257 4011 1287 4069 μ’
1327 3993 1349 4102 ,3
1477 4033 1485 4050 ’

422 4151 574 4210 vmacciar.
618 4150 747 4210 (torona.
1620 4142 1653 4190 ³⁵

887 4293 1024 4360 Laudes,

420 4419 573 4495 antiplona.
618 4418 693 4476 Post
714 4422 843 4478 mortem
867 4446 905 4460 -
928 4419 1067 4478 restituit
1089 4439 1128 4466 ε
1151 4438 1182 4494 p·
1207 4397 1368 4478 papa-144

448 4559 603 4644 Hymnus.
690 4561 822 4643 MArtyr
843 4559 958 4626 christi
982 4558 1188 4628 subleuatur:

693 4664 733 4730 ad
757 4663 889 4731 domum
906 4663 1086 4732 reducitur:
1183 4702 1186 4710 ·
