<?xml version="1.0" encoding="UTF-8"?>
<!DOCTYPE html PUBLIC "-//W3C//DTD XHTML 1.0 Transitional//EN"
    "http://www.w3.org/TR/xhtml1/DTD/xhtml1-transitional.dtd">
<html xmlns="http://www.w3.org/1999/xhtml" xml:lang="en" lang="en">
 <head>
  <title>
</title>
<meta http-equiv="Content-Type" content="text/html;charset=utf-8" />
  <meta name='ocr-system' content='tesseract 3.04.00' />
  <meta name='ocr-capabilities' content='ocr_page ocr_carea ocr_par ocr_line ocrx_word'/>
</head>
<body>
  <div class='ocr_page' id='page_1' title='image "./monumentahistor00storgoog/monumentahistor00storgoog_0365.png"; bbox 0 0 3448 5428; ppageno 0'>
   <div class='ocr_carea' id='block_1_1' title="bbox 182 537 849 1052">
    <p class='ocr_par' dir='ltr' id='par_1_1' title="bbox 186 537 742 732">
     <span class='ocr_line' id='line_1_1' title="bbox 204 537 742 644; baseline 0.058 -41"><span class='ocrx_word' id='word_1_1' title='bbox 204 537 360 622; x_wconf 68' lang='lat' dir='ltr'>psalmum</span> <span class='ocrx_word' id='word_1_2' title='bbox 404 549 562 620; x_wconf 87' lang='lat' dir='ltr'>Dominus</span> <span class='ocrx_word' id='word_1_3' title='bbox 584 565 742 644; x_wconf 80' lang='lat' dir='ltr'>regnauit.</span> 
     </span>
     <span class='ocr_line' id='line_1_2' title="bbox 186 658 493 732; baseline 0.062 -24"><span class='ocrx_word' id='word_1_4' title='bbox 186 664 264 732; x_wconf 16' lang='lat' dir='ltr'>‘aut</span> <span class='ocrx_word' id='word_1_5' title='bbox 307 658 342 718; x_wconf 89' lang='lat' dir='ltr'>In</span> <span class='ocrx_word' id='word_1_6' title='bbox 365 666 493 727; x_wconf 77' lang='lat' dir='ltr'>sunnine</span> 
     </span>
    </p>

    <p class='ocr_par' dir='ltr' id='par_1_2' title="bbox 182 747 474 830">
     <span class='ocr_line' id='line_1_3' title="bbox 182 747 474 830; baseline 0.058 -16"><span class='ocrx_word' id='word_1_7' title='bbox 182 755 262 818; x_wconf 68' lang='lat' dir='ltr'>&#39;ant</span> <span class='ocrx_word' id='word_1_8' title='bbox 306 763 360 824; x_wconf 83' lang='lat' dir='ltr'>Vir</span> <span class='ocrx_word' id='word_1_9' title='bbox 380 747 474 830; x_wconf 83' lang='lat' dir='ltr'>turris</span> 
     </span>
    </p>

    <p class='ocr_par' dir='ltr' id='par_1_3' title="bbox 202 849 849 1052">
     <span class='ocr_line' id='line_1_4' title="bbox 204 849 849 934; baseline 0.056 -13"><span class='ocrx_word' id='word_1_10' title='bbox 204 874 260 922; x_wconf 84' lang='lat' dir='ltr'>ant.</span> <span class='ocrx_word' id='word_1_11' title='bbox 304 869 446 934; x_wconf 84' lang='lat' dir='ltr'>Matrona</span> <span class='ocrx_word' id='word_1_12' title='bbox 578 861 617 886; x_wconf 52' lang='grc' dir='ltr'><strong>ξ</strong></span> <span class='ocrx_word' id='word_1_13' title='bbox 632 854 669 918; x_wconf 77' lang='lat' dir='ltr'>·p&#39;</span> <span class='ocrx_word' id='word_1_14' title='bbox 695 849 849 914; x_wconf 40' lang='lat' dir='ltr'>¹⁵2⁷—ss</span> 
     </span>
     <span class='ocr_line' id='line_1_5' title="bbox 202 971 435 1052; baseline 0.069 -28"><span class='ocrx_word' id='word_1_15' title='bbox 202 978 258 1028; x_wconf 83' lang='lat' dir='ltr'>unt.</span> <span class='ocrx_word' id='word_1_16' title='bbox 303 971 435 1052; x_wconf 81' lang='lat' dir='ltr'>Garybdi</span> 
     </span>
    </p>
   </div>
   <div class='ocr_carea' id='block_1_2' title="bbox 206 1063 828 1164">
    <p class='ocr_par' dir='ltr' id='par_1_4' title="bbox 206 1063 828 1164">
     <span class='ocr_line' id='line_1_6' title="bbox 206 1063 828 1164; baseline 0.056 -36"><span class='ocrx_word' id='word_1_17' title='bbox 206 1063 397 1148; x_wconf 71' lang='lat' dir='ltr'><em>Capitulum.</em></span> <span class='ocrx_word' id='word_1_18' title='bbox 443 1077 477 1144; x_wconf 86' lang='lat' dir='ltr'>Si</span> <span class='ocrx_word' id='word_1_19' title='bbox 500 1100 609 1152; x_wconf 90' lang='lat' dir='ltr'>coram</span> <span class='ocrx_word' id='word_1_20' title='bbox 632 1088 828 1164; x_wconf 88' lang='lat' dir='ltr'>hominibus.</span> 
     </span>
    </p>
   </div>
   <div class='ocr_carea' id='block_1_3' title="bbox 222 1231 1017 1660">
    <p class='ocr_par' dir='ltr' id='par_1_5' title="bbox 222 1231 1017 1660">
     <span class='ocr_line' id='line_1_7' title="bbox 222 1231 894 1347; baseline 0.057 -51"><span class='ocrx_word' id='word_1_21' title='bbox 222 1231 379 1318; x_wconf 81' lang='lat' dir='ltr'>Hymnus.</span> <span class='ocrx_word' id='word_1_22' title='bbox 466 1247 629 1319; x_wconf 86' lang='lat' dir='ltr'>Deuutum</span> <span class='ocrx_word' id='word_1_23' title='bbox 652 1256 715 1324; x_wconf 87' lang='lat' dir='ltr'>lide</span> <span class='ocrx_word' id='word_1_24' title='bbox 738 1265 894 1347; x_wconf 91' lang='lat' dir='ltr'>populum</span> 
     </span>
     <span class='ocr_line' id='line_1_8' title="bbox 469 1353 808 1434; baseline 0.047 -18"><span class='ocrx_word' id='word_1_25' title='bbox 469 1353 620 1422; x_wconf 86' lang='lat' dir='ltr'>educauit</span> <span class='ocrx_word' id='word_1_26' title='bbox 641 1360 808 1434; x_wconf 79' lang='lat' dir='ltr'>hibernia:</span> 
     </span>
     <span class='ocr_line' id='line_1_9' title="bbox 467 1457 1017 1557; baseline 0.055 -38"><span class='ocrx_word' id='word_1_27' title='bbox 467 1457 522 1536; x_wconf 90' lang='lat' dir='ltr'>qui</span> <span class='ocrx_word' id='word_1_28' title='bbox 545 1461 721 1534; x_wconf 85' lang='lat' dir='ltr'>sellensem</span> <span class='ocrx_word' id='word_1_29' title='bbox 741 1475 909 1557; x_wconf 89' lang='lat' dir='ltr'>scopulum</span> <span class='ocrx_word' id='word_1_30' title='bbox 1014 1477 1017 1482; x_wconf 61' lang='grc'>“</span> 
     </span>
     <span class='ocr_line' id='line_1_10' title="bbox 465 1563 873 1660; baseline 0.054 -36"><span class='ocrx_word' id='word_1_31' title='bbox 465 1563 550 1644; x_wconf 89' lang='lat' dir='ltr'>petit</span> <span class='ocrx_word' id='word_1_32' title='bbox 570 1584 630 1648; x_wconf 90' lang='lat' dir='ltr'>pro</span> <span class='ocrx_word' id='word_1_33' title='bbox 655 1571 750 1640; x_wconf 90' lang='lat' dir='ltr'>domo</span> <span class='ocrx_word' id='word_1_34' title='bbox 772 1580 873 1660; x_wconf 84' lang='lat' dir='ltr'>regia.</span> 
     </span>
    </p>
   </div>
   <div class='ocr_carea' id='block_1_4' title="bbox 460 1727 919 2130">
    <p class='ocr_par' dir='ltr' id='par_1_6' title="bbox 460 1727 919 2130">
     <span class='ocr_line' id='line_1_11' title="bbox 464 1727 823 1828; baseline 0.058 -37"><span class='ocrx_word' id='word_1_35' title='bbox 464 1727 584 1797; x_wconf 85' lang='lat' dir='ltr'>Volens</span> <span class='ocrx_word' id='word_1_36' title='bbox 608 1737 696 1805; x_wconf 84' lang='lat' dir='ltr'>subit</span> <span class='ocrx_word' id='word_1_37' title='bbox 718 1742 823 1828; x_wconf 87' lang='lat' dir='ltr'>exilia,</span> 
     </span>
     <span class='ocr_line' id='line_1_12' title="bbox 462 1833 860 1918; baseline 0.053 -21"><span class='ocrx_word' id='word_1_38' title='bbox 462 1833 613 1904; x_wconf 89' lang='lat' dir='ltr'>intrando</span> <span class='ocrx_word' id='word_1_39' title='bbox 637 1842 860 1918; x_wconf 81' lang='lat' dir='ltr'><strong>solitudinem:</strong></span> 
     </span>
     <span class='ocr_line' id='line_1_13' title="bbox 460 1939 895 2040; baseline 0.057 -40"><span class='ocrx_word' id='word_1_40' title='bbox 460 1941 496 2002; x_wconf 87' lang='lat' dir='ltr'>vt</span> <span class='ocrx_word' id='word_1_41' title='bbox 517 1939 560 2005; x_wconf 91' lang='lat' dir='ltr'>sit</span> <span class='ocrx_word' id='word_1_42' title='bbox 582 1945 675 2012; x_wconf 91' lang='lat' dir='ltr'>nobis</span> <span class='ocrx_word' id='word_1_43' title='bbox 697 1949 751 2015; x_wconf 85' lang='lat' dir='ltr'>lux</span> <span class='ocrx_word' id='word_1_44' title='bbox 772 1958 895 2040; x_wconf 74' lang='lat' dir='ltr'>prauis,</span> 
     </span>
     <span class='ocr_line' id='line_1_14' title="bbox 460 2041 919 2130; baseline 0.059 -26"><span class='ocrx_word' id='word_1_45' title='bbox 460 2041 518 2108; x_wconf 87' lang='lat' dir='ltr'>dat</span> <span class='ocrx_word' id='word_1_46' title='bbox 540 2050 684 2116; x_wconf 87' lang='lat' dir='ltr'>eternam</span> <span class='ocrx_word' id='word_1_47' title='bbox 708 2055 919 2130; x_wconf 85' lang='lat' dir='ltr'>dulcedinem.</span> 
     </span>
    </p>
   </div>
   <div class='ocr_carea' id='block_1_5' title="bbox 454 2209 923 2623">
    <p class='ocr_par' dir='ltr' id='par_1_7' title="bbox 457 2209 877 2516">
     <span class='ocr_line' id='line_1_15' title="bbox 458 2209 859 2312; baseline 0.06 -40"><span class='ocrx_word' id='word_1_48' title='bbox 458 2209 521 2276; x_wconf 88' lang='lat' dir='ltr'>Per</span> <span class='ocrx_word' id='word_1_49' title='bbox 542 2215 602 2280; x_wconf 84' lang='lat' dir='ltr'>lros</span> <span class='ocrx_word' id='word_1_50' title='bbox 625 2217 710 2288; x_wconf 82' lang='lat' dir='ltr'>lame</span> <span class='ocrx_word' id='word_1_51' title='bbox 732 2226 859 2312; x_wconf 65' lang='lat' dir='ltr'>vigilie,</span> 
     </span>
     <span class='ocr_line' id='line_1_16' title="bbox 457 2312 877 2400; baseline 0.057 -24"><span class='ocrx_word' id='word_1_52' title='bbox 457 2312 591 2384; x_wconf 86' lang='lat' dir='ltr'>libertas</span> <span class='ocrx_word' id='word_1_53' title='bbox 615 2326 721 2392; x_wconf 86' lang='lat' dir='ltr'>curnis</span> <span class='ocrx_word' id='word_1_54' title='bbox 743 2331 877 2400; x_wconf 86' lang='lat' dir='ltr'>teritur:</span> 
     </span>
     <span class='ocr_line' id='line_1_17' title="bbox 457 2421 808 2516; baseline 0.057 -35"><span class='ocrx_word' id='word_1_55' title='bbox 457 2421 490 2482; x_wconf 91' lang='lat' dir='ltr'>et</span> <span class='ocrx_word' id='word_1_56' title='bbox 512 2423 635 2492; x_wconf 88' lang='lat' dir='ltr'>sedulis</span> <span class='ocrx_word' id='word_1_57' title='bbox 658 2433 808 2516; x_wconf 88' lang='lat' dir='ltr'>suspirijs</span> 
     </span>
    </p>

    <p class='ocr_par' dir='ltr' id='par_1_8' title="bbox 454 2529 923 2623">
     <span class='ocr_line' id='line_1_18' title="bbox 454 2529 923 2623; baseline 0.053 -38"><span class='ocrx_word' id='word_1_58' title='bbox 454 2540 546 2589; x_wconf 92' lang='lat' dir='ltr'>mens</span> <span class='ocrx_word' id='word_1_59' title='bbox 569 2529 602 2593; x_wconf 90' lang='lat' dir='ltr'>in</span> <span class='ocrx_word' id='word_1_60' title='bbox 624 2548 768 2614; x_wconf 84' lang='lat' dir='ltr'>superna</span> <span class='ocrx_word' id='word_1_61' title='bbox 789 2543 923 2623; x_wconf 81' lang='lat' dir='ltr'>rapitur.</span> 
     </span>
    </p>
   </div>
   <div class='ocr_carea' id='block_1_6' title="bbox 453 2689 917 3001">
    <p class='ocr_par' dir='ltr' id='par_1_9' title="bbox 453 2689 917 3001">
     <span class='ocr_line' id='line_1_19' title="bbox 454 2689 917 2792; baseline 0.052 -38"><span class='ocrx_word' id='word_1_62' title='bbox 454 2689 524 2757; x_wconf 86' lang='lat' dir='ltr'>Hcs</span> <span class='ocrx_word' id='word_1_63' title='bbox 548 2695 588 2761; x_wconf 90' lang='lat' dir='ltr'>de</span> <span class='ocrx_word' id='word_1_64' title='bbox 611 2702 737 2781; x_wconf 79' lang='lat' dir='ltr'>tyranni</span> <span class='ocrx_word' id='word_1_65' title='bbox 759 2710 917 2792; x_wconf 88' lang='lat' dir='ltr'>manibus,</span> 
     </span>
     <span class='ocr_line' id='line_1_20' title="bbox 453 2797 822 2892; baseline 0.051 -33"><span class='ocrx_word' id='word_1_66' title='bbox 453 2797 547 2862; x_wconf 83' lang='lat' dir='ltr'>ruina</span> <span class='ocrx_word' id='word_1_67' title='bbox 567 2805 687 2870; x_wconf 89' lang='lat' dir='ltr'>montis</span> <span class='ocrx_word' id='word_1_68' title='bbox 711 2809 822 2892; x_wconf 91' lang='lat' dir='ltr'>eripit:</span> 
     </span>
     <span class='ocr_line' id='line_1_21' title="bbox 453 2901 887 3001; baseline 0.051 -38"><span class='ocrx_word' id='word_1_69' title='bbox 453 2905 487 2964; x_wconf 89' lang='lat' dir='ltr'>et</span> <span class='ocrx_word' id='word_1_70' title='bbox 508 2901 648 2972; x_wconf 89' lang='lat' dir='ltr'>iubilans</span> <span class='ocrx_word' id='word_1_71' title='bbox 671 2909 704 2976; x_wconf 92' lang='lat' dir='ltr'>in</span> <span class='ocrx_word' id='word_1_72' title='bbox 726 2911 887 3001; x_wconf 84' lang='lat' dir='ltr'>laudibus,</span> 
     </span>
    </p>
   </div>
   <div class='ocr_carea' id='block_1_7' title="bbox 450 3005 848 3101">
    <p class='ocr_par' dir='ltr' id='par_1_10' title="bbox 450 3005 848 3101">
     <span class='ocr_line' id='line_1_22' title="bbox 450 3005 848 3101; baseline 0.05 -34"><span class='ocrx_word' id='word_1_73' title='bbox 450 3005 587 3072; x_wconf 84' lang='lat' dir='ltr'>celestis</span> <span class='ocrx_word' id='word_1_74' title='bbox 605 3012 679 3077; x_wconf 84' lang='lat' dir='ltr'>aula</span> <span class='ocrx_word' id='word_1_75' title='bbox 701 3019 848 3101; x_wconf 83' lang='lat' dir='ltr'>suscipit.</span> 
     </span>
    </p>
   </div>
   <div class='ocr_carea' id='block_1_8' title="bbox 446 3171 928 3572">
    <p class='ocr_par' dir='ltr' id='par_1_11' title="bbox 446 3171 928 3572">
     <span class='ocr_line' id='line_1_23' title="bbox 449 3171 853 3270; baseline 0.047 -34"><span class='ocrx_word' id='word_1_76' title='bbox 449 3171 546 3241; x_wconf 84' lang='lat' dir='ltr'>Trino</span> <span class='ocrx_word' id='word_1_77' title='bbox 570 3178 632 3245; x_wconf 90' lang='lat' dir='ltr'>deo</span> <span class='ocrx_word' id='word_1_78' title='bbox 655 3188 690 3248; x_wconf 88' lang='lat' dir='ltr'>et</span> <span class='ocrx_word' id='word_1_79' title='bbox 712 3187 853 3270; x_wconf 84' lang='lat' dir='ltr'>simplici</span> 
     </span>
     <span class='ocr_line' id='line_1_24' title="bbox 447 3276 909 3378; baseline 0.05 -39"><span class='ocrx_word' id='word_1_80' title='bbox 447 3276 517 3342; x_wconf 84' lang='lat' dir='ltr'>laus</span> <span class='ocrx_word' id='word_1_81' title='bbox 540 3279 646 3348; x_wconf 88' lang='lat' dir='ltr'>honor</span> <span class='ocrx_word' id='word_1_82' title='bbox 666 3288 770 3354; x_wconf 80' lang='lat' dir='ltr'>virtut</span> <span class='ocrx_word' id='word_1_83' title='bbox 794 3293 909 3378; x_wconf 84' lang='lat' dir='ltr'>gloria,</span> 
     </span>
     <span class='ocr_line' id='line_1_25' title="bbox 447 3382 865 3479; baseline 0.05 -35"><span class='ocrx_word' id='word_1_84' title='bbox 447 3382 501 3462; x_wconf 92' lang='lat' dir='ltr'>qui</span> <span class='ocrx_word' id='word_1_85' title='bbox 524 3391 672 3469; x_wconf 87' lang='lat' dir='ltr'>martyris</span> <span class='ocrx_word' id='word_1_86' title='bbox 694 3394 865 3479; x_wconf 88' lang='lat' dir='ltr'>multiplici</span> 
     </span>
     <span class='ocr_line' id='line_1_26' title="bbox 446 3485 928 3572; baseline 0.05 -24"><span class='ocrx_word' id='word_1_87' title='bbox 446 3485 606 3564; x_wconf 81' lang='lat' dir='ltr'>glorificat</span> <span class='ocrx_word' id='word_1_88' title='bbox 627 3494 771 3564; x_wconf 85' lang='lat' dir='ltr'>victoria.</span> <span class='ocrx_word' id='word_1_89' title='bbox 815 3503 928 3572; x_wconf 88' lang='lat' dir='ltr'>Ameu.</span> 
     </span>
    </p>
   </div>
   <div class='ocr_carea' id='block_1_9' title="bbox 174 3652 689 3838">
    <p class='ocr_par' dir='ltr' id='par_1_12' title="bbox 174 3652 689 3838">
     <span class='ocr_line' id='line_1_27' title="bbox 175 3652 689 3728; baseline 0.041 -23"><span class='ocrx_word' id='word_1_90' title='bbox 175 3652 326 3710; x_wconf 67' lang='lat' dir='ltr'>aerumma.</span> <span class='ocrx_word' id='word_1_91' title='bbox 370 3655 560 3721; x_wconf 84' lang='lat' dir='ltr'>Exultabunt</span> <span class='ocrx_word' id='word_1_92' title='bbox 582 3671 689 3728; x_wconf 85' lang='lat' dir='ltr'>saneti.</span> 
     </span>
     <span class='ocr_line' id='line_1_28' title="bbox 174 3757 684 3838; baseline 0.045 -29"><span class='ocrx_word' id='word_1_93' title='bbox 174 3763 230 3812; x_wconf 84' lang='lat' dir='ltr'>ant.</span> <span class='ocrx_word' id='word_1_94' title='bbox 275 3757 684 3838; x_wconf 70' lang='lat' dir='ltr'>Ponte=p.15223-2⁶.</span> 
     </span>
    </p>
   </div>
   <div class='ocr_carea' id='block_1_10' title="bbox 171 3851 579 3930">
    <p class='ocr_par' dir='ltr' id='par_1_13' title="bbox 171 3851 579 3930">
     <span class='ocr_line' id='line_1_29' title="bbox 171 3851 579 3930; baseline 0.042 -18"><span class='ocrx_word' id='word_1_95' title='bbox 171 3851 329 3930; x_wconf 71' lang='lat' dir='ltr'>psalmus</span> <span class='ocrx_word' id='word_1_96' title='bbox 373 3858 579 3930; x_wconf 81' lang='lat' dir='ltr'>Benedictus.</span> 
     </span>
    </p>
   </div>
   <div class='ocr_carea' id='block_1_11' title="bbox 27 3996 959 4106">
    <p class='ocr_par' dir='ltr' id='par_1_14' title="bbox 27 3996 959 4106">
     <span class='ocr_line' id='line_1_30' title="bbox 27 3996 959 4106; baseline 0.047 -51"><span class='ocrx_word' id='word_1_97' title='bbox 27 3996 56 4044; x_wconf 71' lang='lat'>³0</span> <span class='ocrx_word' id='word_1_98' title='bbox 303 4023 358 4071; x_wconf 83' lang='lat' dir='ltr'>ant.</span> <span class='ocrx_word' id='word_1_99' title='bbox 444 4016 491 4077; x_wconf 82' lang='lat' dir='ltr'>Ex</span> <span class='ocrx_word' id='word_1_100' title='bbox 512 4019 656 4096; x_wconf 84' lang='lat' dir='ltr'>hybernis</span> <span class='ocrx_word' id='word_1_101' title='bbox 681 4047 815 4106; x_wconf 86' lang='lat' dir='ltr'>superna</span> <span class='ocrx_word' id='word_1_102' title='bbox 836 4035 959 4099; x_wconf 83' lang='lat' dir='ltr'>bonitas</span> 
     </span>
    </p>
   </div>
   <div class='ocr_carea' id='block_1_12' title="bbox 440 4128 1010 4302">
    <p class='ocr_par' dir='ltr' id='par_1_15' title="bbox 440 4128 1010 4302">
     <span class='ocr_line' id='line_1_31' title="bbox 444 4128 1010 4208; baseline 0.046 -29"><span class='ocrx_word' id='word_1_103' title='bbox 444 4128 566 4186; x_wconf 82' lang='lat' dir='ltr'>sanctos</span> <span class='ocrx_word' id='word_1_104' title='bbox 589 4131 672 4189; x_wconf 85' lang='lat' dir='ltr'>misit</span> <span class='ocrx_word' id='word_1_105' title='bbox 693 4152 750 4208; x_wconf 82' lang='lat' dir='ltr'>per</span> <span class='ocrx_word' id='word_1_106' title='bbox 771 4143 862 4199; x_wconf 85' lang='lat' dir='ltr'>maris</span> <span class='ocrx_word' id='word_1_107' title='bbox 886 4147 1010 4204; x_wconf 83' lang='lat' dir='ltr'>semitas</span> 
     </span>
     <span class='ocr_line' id='line_1_32' title="bbox 440 4226 861 4302; baseline 0.045 -19"><span class='ocrx_word' id='word_1_108' title='bbox 440 4226 519 4286; x_wconf 84' lang='lat' dir='ltr'>vnde</span> <span class='ocrx_word' id='word_1_109' title='bbox 541 4232 631 4293; x_wconf 86' lang='lat' dir='ltr'>nobis</span> <span class='ocrx_word' id='word_1_110' title='bbox 654 4235 726 4296; x_wconf 85' lang='lat' dir='ltr'>fidei</span> <span class='ocrx_word' id='word_1_111' title='bbox 748 4243 861 4302; x_wconf 82' lang='lat' dir='ltr'>veritas</span> 
     </span>
    </p>
   </div>
   <div class='ocr_carea' id='block_1_13' title="bbox 442 4333 978 4408">
    <p class='ocr_par' dir='ltr' id='par_1_16' title="bbox 442 4333 978 4408">
     <span class='ocr_line' id='line_1_33' title="bbox 442 4333 978 4408; baseline 0.037 -20"><span class='ocrx_word' id='word_1_112' title='bbox 442 4337 568 4395; x_wconf 80' lang='lat' dir='ltr'>crescit:</span> <span class='ocrx_word' id='word_1_113' title='bbox 593 4344 695 4399; x_wconf 83' lang='lat' dir='ltr'>cessat</span> <span class='ocrx_word' id='word_1_114' title='bbox 717 4333 830 4404; x_wconf 83' lang='lat' dir='ltr'>erroris</span> <span class='ocrx_word' id='word_1_115' title='bbox 854 4351 978 4408; x_wconf 78' lang='lat' dir='ltr'>cecitas.</span> 
     </span>
    </p>
   </div>
   <div class='ocr_carea' id='block_1_14' title="bbox 168 4453 562 4555">
    <p class='ocr_par' dir='ltr' id='par_1_17' title="bbox 168 4453 562 4555">
     <span class='ocr_line' id='line_1_34' title="bbox 168 4453 562 4555; baseline 0.036 -26"><span class='ocrx_word' id='word_1_116' title='bbox 168 4453 324 4548; x_wconf 68' lang='lat' dir='ltr'>psalmus.</span> <span class='ocrx_word' id='word_1_117' title='bbox 367 4469 562 4555; x_wconf 80' lang='lat' dir='ltr'>Magnificat.</span> 
     </span>
    </p>
   </div>
   <div class='ocr_carea' id='block_1_15' title="bbox 603 4683 803 4702">
    <p class='ocr_par' dir='ltr' id='par_1_18' title="bbox 603 4683 803 4702">
     <span class='ocr_line' id='line_1_35' title="bbox 603 4683 803 4702; baseline 0.05 -9"><span class='ocrx_word' id='word_1_118' title='bbox 603 4683 803 4702; x_wconf 44' lang='lat' dir='ltr'>*Qun—...-</span> 
     </span>
    </p>
   </div>
   <div class='ocr_carea' id='block_1_16' title="bbox 0 0 1728 5428">
    <p class='ocr_par' dir='ltr' id='par_1_19' title="bbox 0 0 1728 5428">
     <span class='ocr_line' id='line_1_36' title="bbox 0 0 1728 5428; baseline 0 14"><span class='ocrx_word' id='word_1_119' title='bbox 0 0 1728 5428; x_wconf 95' lang='lat' dir='ltr'> </span> 
     </span>
    </p>
   </div>
  </div>
 </body>
</html>
