3496 5424
390 409 451 482 16ss
678 399 913 454 mruuunmuu
937 399 976 450 ut
993 353 1137 453 nunaunt
1160 395 1331 451 sancnlu.

389 589 511 654 domini
526 587 731 656 millesimum
751 587 1005 652 ducentesimum
1022 584 1297 666 septuagesimum
1313 597 1421 661 unum,
1445 582 1623 664 quindecim

390 693 520 759 milibus
544 683 793 758 christianorum
815 691 905 755 intus
928 707 987 770 pro
1011 689 1202 754 defensione
1225 687 1329 768 ipsius
1354 686 1580 752 existentibus:

465 797 510 862 ·1n
535 796 719 862 Antrodo
747 796 857 875 itaque
880 795 968 858 intus
992 793 1024 857 in
1045 792 1185 859 ecclesia
1206 791 1322 874 mojori
1344 795 1395 856 esi
1417 790 1542 872 capella
1564 791 1623 854 vir-

390 903 474 983 ginis
496 900 658 983 gloriose,
681 901 771 965 mirae
795 896 925 981 quidem
945 893 1295 978 pulchritudinis,lioet
1311 913 1420 976 parva,
1432 896 1465 960 in
1485 908 1548 977 qua
1564 908 1625 960 neu

389 1007 468 1073 licet
490 1006 682 1085 alienigenis
705 1004 870 1070 celebrare
889 1001 1137 1082 uisl'episcopis
1161 1005 1195 1065 et
1216 999 1370 1066 iratribus
1391 999 1571 1064 minoribus
1594 1005 1625 1065 et
1667 1005 1678 1051 t

390 1109 661 1192 praedicatoribus
691 1113 831 1173 'tontum
891 1101 954 1170 'llic
986 1109 1120 1187 propter
1152 1104 1365 1185 frequentiam
1400 1102 1625 1168 miraculorum

390 1233 509 1293 magna
531 1219 584 1278 est
604 1212 832 1294 peregrinatio.
878 1209 1005 1274 Dicitur
1021 1213 1167 1275 sanctum
1185 1209 1316 1274 Petrum
1335 1209 1367 1273 in
1387 1207 1512 1274 fabrica
1533 1209 1625 1272 istius

391 1316 525 1399 capellae
552 1297 721 1381 laborasse
749 1316 889 1397 propriis
918 1313 1075 1379 manibus.
1127 1313 1200 1378 Alia
1235 1313 1363 1395 capello
1391 1318 1444 1377 est
1475 1313 1565 1378 intus
1596 1313 1626 1376 in

390 1423 461 1504 ipso
485 1426 604 1498 castro,
635 1425 669 1484 et
695 1421 860 1498 asseritur,
892 1419 978 1500 quod
1007 1418 1106 1484 beata
1129 1417 1218 1498 virgo
1241 1423 1275 1484 et
1294 1417 1369 1499 ipso
1391 1419 1459 1482 suls
1482 1417 1626 1482 manibus

323 1595 327 1604 ,
391 1529 424 1592 in
452 1525 574 1590 fabrica
601 1524 704 1605 ipsius
733 1524 919 1602 laborabam
954 1524 1060 1588 solens
1088 1538 1174 1600 vero,
1199 1523 1284 1604 quod
1306 1521 1448 1586 luturum
1472 1523 1564 1588 esset
1583 1521 1626 1586 ibi
1656 1525 1680 1568 1⁰

394 1634 547 1709 castrum,
570 1627 897 1709 commutaritipsam
921 1627 1009 1692 cum¹
1025 1631 1140 1692 sancto
1158 1627 1257 1692 Petro
1280 1627 1313 1691 in
1337 1627 1494 1709 capellam
1515 1643 1626 1710 supra-

393 1735 523 1812 dictam,
546 1750 585 1798 eo
611 1733 698 1814 quod
720 1731 883 1814 peregrini
904 1731 1040 1797 liberius
1059 1730 1219 1804 haberent
1236 1732 1314 1798 illuc
1333 1733 1524 1812 ingressum,
1549 1733 1629 1798 siout

391 1840 538 1921 poietin
560 1839 724 1921 praesenti.

477 1943 674 2034 Hucusque
697 1942 858 2007 maritima
871 1941 972 2023 Syriae
985 1940 1261 2030 perlustravimus,
1284 1959 1343 2008 nec
1365 1947 1418 2006 est
1439 1943 1526 2007 ultra
1549 1941 1629 2007 chri-

394 2048 543 2112 stianitas
565 2048 629 2112 nisi
661 2048 694 2111 in
723 2047 910 2126 Margato
945 2046 986 2110 ad
1015 2045 1198 2125 vn'leuces,
1227 2046 1332 2111 donce
1360 2047 1571 2127 perveniatur
1597 2047 1627 2112 ln
1656 2041 1679 2087 1⁶

394 2152 588 2217 Armeniam.
632 2152 682 2216 De
704 2151 851 2232 Margato
881 2151 914 2214 in
944 2139 1130 2214 Laodiciam
1160 2155 1237 2214 sunt
1265 2167 1302 2215 rx
1322 2151 1436 2218 leucae.
1480 2151 1530 2216 De
1552 2151 1628 2216 Lao-

395 2255 494 2322 dicia²
525 2257 558 2320 in
589 2255 762 2322 Antiochia
795 2258 871 2319 sunt
901 2273 922 2318 n
955 2254 1067 2318 leucae.
1112 2254 1161 2318 De
1189 2255 1360 2321 Antiochia
1387 2256 1421 2320 lu
1446 2257 1628 2321 Armeniam

396 2364 472 2425 suut
491 2354 628 2425 totidem
651 2359 763 2440 leuce,
785 2359 939 2424 videlieet
959 2378 990 2423 n.
1034 2358 1104 2424 Nos
1131 2367 1209 2423 vero
1239 2359 1281 2426 de
1308 2361 1455 2427 Antrodu
1485 2366 1628 2426 reverte·

394 2465 509 2529 bamur
527 2465 588 2544 vla,
612 2481 676 2545 qua
697 2463 853 2542 venimus,
875 2465 909 2528 in
930 2464 1048 2532 locon.

480 2569 563 2634 Ante
593 2569 771 2634 introitum
805 2574 856 2633 est
887 2563 995 2632 insula
1027 2574 1136 2648 patret
1169 2569 1203 2632 in
1232 2569 1323 2651 cujus
1351 2570 1496 2652 scopulis
1529 2577 1629 2636 mater
1656 2561 1679 2608 ²⁰

396 2672 517 2738 atinati³
544 2673 721 2738 Clementis
750 2673 951 2754 naufragium
980 2671 1176 2753 potiebatur,
1206 2667 1333 2739 duobus
1355 2659 1431 2740 liris
1460 2677 1528 2741 tuis
1551 2677 1629 2741 Fau-

396 2778 481 2843 stino
511 2783 546 2843 et
573 2778 696 2842 Fausto
719 2778 797 2858 (alio
818 2779 948 2842 nomine
970 2775 1071 2841 Nicea
1093 2779 1127 2840 ct
1148 2778 1279 2858 Aquila)
1301 2779 1342 2844 ait
1364 2780 1439 2860 ipra
1461 2781 1494 2844 in
1515 2781 1628 2847 eodem

309 2929 315 2934 .
396 2880 565 2963 naufragio
598 2883 767 2962 separatis,
802 2897 884 2963 quoa
918 2880 1106 2946 submersos
1140 2876 1285 2961 credidit,
1315 2884 1548 2965 utnusquam
1577 2896 1628 2948 eo·

396 2987 469 3052 dem
489 2985 564 3051 loeo
587 2985 738 3052 replente
760 2985 836 3052 illue
857 2983 954 3051 Petro
977 3002 1040 3051 non
1062 2986 1166 3052 solum
1188 2987 1263 3053 illos
1286 2987 1369 3053 riuos
1397 2987 1494 3066 illios,
1522 3000 1629 3056 verum

397 3091 496 3155 etlam
520 3087 729 3170 (ilementum,
765 3101 861 3171 quem
885 3089 973 3155 domi
995 3109 1067 3156 cum
1094 3095 1189 3174 patre
1211 3093 1398 3175 reliquerat
1432 3094 1527 3158 simul
1561 3111 1628 3159 cum
1656 3087 1680 3135 ’ὖ

323 3183 325 3189 ’
396 3198 491 3274 patra
523 3195 677 3275 ipsorum,
712 3201 771 3258 suo
799 3194 953 3259 videlicet
985 3195 1111 3274 marito,
1145 3195 1254 3261 divina
1286 3197 1496 3280 dispensante
1529 3199 1629 3282 gratu

397 3297 551 3362 miraculo
578 3297 718 3363 mirabili
741 3306 838 3362 sanos
863 3297 994 3362 insimul
1016 3299 1198 3379 repererim
1228 3302 1312 3366 sicut
1338 3303 1371 3367 in
1397 3295 1566 3370 itinerario
1587 3303 1630 3383 ip·

397 3403 465 3466 sius
490 3401 669 3466 Clementis
691 3401 780 3466 iamt
802 3401 890 3466 idam
912 3401 1051 3467 lucillus
1073 3403 1266 3470 declaratur.
1301 3445 1304 3454 .
1399 3385 1400 3390 ’

483 3505 683 3596 Quicunque,
703 3523 742 3571 ex
769 3506 834 3570 isto
863 3504 955 3570 breui
984 3507 1151 3572 itinerario
1181 3509 1248 3575 sive
1275 3527 1335 3590 per
1360 3515 1543 3578 memorata
1563 3511 1630 3576 loca

397 3608 635 3691 peregrinando
665 3627 724 3674 seu
747 3614 788 3696 ,et
815 3610 920 3690 ipsum
948 3610 1086 3690 legendo
1115 3612 1237 3694 aliquit
1264 3613 1373 3680 solatii
1396 3619 1507 3680 nostro
1531 3615 1627 3682 medi·
1656 3619 1678 3665 ³⁰

398 3718 474 3790 ante
494 3712 606 3778 labore
634 3715 806 3796 acceperit,
835 3732 946 3796 quaeso
969 3721 1008 3780 ut
1028 3715 1172 3790 unimam.
1189 3715 1294 3784 felicis
1318 3719 1554 3786 recordationis
1576 3719 1627 3784 do-

277 3829 281 3836 ·
399 3808 476 3882 mini
508 3802 674 3884 Andreae
707 3808 891 3884 Nicholai
922 3819 1234 3886 recommendatam
1272 3807 1394 3888 habeat
1427 3831 1536 3888 coram
1571 3823 1627 3888 deo

398 3939 514 4003 meque
535 3939 713 4022 pauperem
731 3922 865 3988 fratrem
887 3921 1129 3988 Mauritium
1152 3920 1360 3990 nihilominus
1383 3923 1499 3994 divinoe
1518 3923 1627 4008 pietati

400 4023 547 4092 devotius
570 4027 833 4092 recommendeti.

467 4193 521 4247 ¹et
538 4197 583 4248 Cd.
620 4193 796 4250 ¹La0dieiam
815 4199 861 4251 Cd.
902 4195 1018 4250 ⁸sancte
1037 4199 1083 4251 Cd.
1124 4195 1275 4266 ⁴repererat
1293 4201 1339 4251 Cd.
1381 4197 1626 4252 ‘recommendatum

399 4271 444 4336 Oti.
482 4279 698 4335 “recommendat
716 4285 762 4336 cd.

483 4423 532 4481 27.
576 4424 608 4480 in
641 4424 799 4481 itinerario
832 4425 930 4500 ipsius
962 4417 1139 4500 Clementis]
1176 4443 1208 4484 so
1242 4425 1273 4484 S.
1308 4424 1473 4484 Clementis
1505 4425 1627 4488 Romani

398 4525 635 4602 Recognitiones
658 4527 769 4589 Rufino
789 4530 960 4605 interprete
982 4525 1045 4602 (ed.
1069 4523 1239 4604 Gesacum)
1262 4529 1326 4600 VII,
1343 4534 1362 4590 8
1378 4531 1479 4606 *1X‚
1500 4533 1548 4592 st„

917 4724 1117 4736 ---.-..-—
