<?xml version="1.0" encoding="UTF-8"?>
<!DOCTYPE html PUBLIC "-//W3C//DTD XHTML 1.0 Transitional//EN"
    "http://www.w3.org/TR/xhtml1/DTD/xhtml1-transitional.dtd">
<html xmlns="http://www.w3.org/1999/xhtml" xml:lang="en" lang="en">
 <head>
  <title>
</title>
<meta http-equiv="Content-Type" content="text/html;charset=utf-8" />
  <meta name='ocr-system' content='tesseract 3.04.00' />
  <meta name='ocr-capabilities' content='ocr_page ocr_carea ocr_par ocr_line ocrx_word'/>
</head>
<body>
  <div class='ocr_page' id='page_1' title='image "./monumentahistor00storgoog/monumentahistor00storgoog_0108.png"; bbox 0 0 3524 5424; ppageno 0'>
   <div class='ocr_carea' id='block_1_1' title="bbox 365 371 1179 439">
    <p class='ocr_par' dir='ltr' id='par_1_1' title="bbox 365 371 1179 439">
     <span class='ocr_line' id='line_1_1' title="bbox 365 371 1179 439; baseline -0.005 -11"><span class='ocrx_word' id='word_1_1' title='bbox 365 375 406 439; x_wconf 72' lang='lat'><strong>32</strong></span> <span class='ocrx_word' id='word_1_2' title='bbox 788 371 913 426; x_wconf 68' lang='lat' dir='ltr'><strong>incon</strong></span> <span class='ocrx_word' id='word_1_3' title='bbox 922 373 996 426; x_wconf 78' lang='lat' dir='ltr'><strong>RiCl</strong></span> <span class='ocrx_word' id='word_1_4' title='bbox 1012 371 1179 426; x_wconf 79' lang='lat' dir='ltr'><strong>tlonscm</strong></span> 
     </span>
    </p>
   </div>
   <div class='ocr_carea' id='block_1_2' title="bbox 360 550 1726 2310">
    <p class='ocr_par' dir='ltr' id='par_1_2' title="bbox 362 550 1726 949">
     <span class='ocr_line' id='line_1_2' title="bbox 362 550 1609 636; baseline -0.006 -15"><span class='ocrx_word' id='word_1_5' title='bbox 362 557 434 635; x_wconf 90' lang='lat' dir='ltr'><strong>dns,</strong></span> <span class='ocrx_word' id='word_1_6' title='bbox 457 555 614 622; x_wconf 85' lang='lat' dir='ltr'><strong>naturalis</strong></span> <span class='ocrx_word' id='word_1_7' title='bbox 637 555 783 620; x_wconf 77' lang='lat' dir='ltr'><strong>historice</strong></span> <span class='ocrx_word' id='word_1_8' title='bbox 797 553 974 636; x_wconf 65' lang='lat' dir='ltr'><strong>[scriptort</strong></span> <span class='ocrx_word' id='word_1_9' title='bbox 995 553 1199 636; x_wconf 85' lang='lat' dir='ltr'><strong>rirprudcns</strong></span> <span class='ocrx_word' id='word_1_10' title='bbox 1222 559 1257 617; x_wconf 88' lang='lat' dir='ltr'><strong>st</strong></span> <span class='ocrx_word' id='word_1_11' title='bbox 1275 552 1495 631; x_wconf 88' lang='lat' dir='ltr'><strong>doctissimus,</strong></span> <span class='ocrx_word' id='word_1_12' title='bbox 1508 550 1609 632; x_wconf 79' lang='lat' dir='ltr'><strong>Chry-</strong></span> 
     </span>
     <span class='ocr_line' id='line_1_3' title="bbox 363 647 1606 743; baseline -0.006 -17"><span class='ocrx_word' id='word_1_13' title='bbox 363 662 478 743; x_wconf 82' lang='lat' dir='ltr'><strong>sippus</strong></span> <span class='ocrx_word' id='word_1_14' title='bbox 500 658 716 741; x_wconf 82' lang='lat' dir='ltr'><strong>philosophus</strong></span> <span class='ocrx_word' id='word_1_15' title='bbox 739 663 774 723; x_wconf 87' lang='lat' dir='ltr'><strong>ct</strong></span> <span class='ocrx_word' id='word_1_16' title='bbox 796 647 889 724; x_wconf 84' lang='lat' dir='ltr'><strong>multi</strong></span> <span class='ocrx_word' id='word_1_17' title='bbox 911 661 965 724; x_wconf 88' lang='lat' dir='ltr'><strong>alli</strong></span> <span class='ocrx_word' id='word_1_18' title='bbox 990 658 1105 724; x_wconf 88' lang='lat' dir='ltr'><strong>dicunt</strong></span> <span class='ocrx_word' id='word_1_19' title='bbox 1123 675 1197 722; x_wconf 88' lang='lat' dir='ltr'><strong>esse</strong></span> <span class='ocrx_word' id='word_1_20' title='bbox 1218 657 1324 722; x_wconf 87' lang='lat' dir='ltr'><strong>locem</strong></span> <span class='ocrx_word' id='word_1_21' title='bbox 1345 657 1436 722; x_wconf 89' lang='lat' dir='ltr'><strong>illum</strong></span> <span class='ocrx_word' id='word_1_22' title='bbox 1459 657 1606 739; x_wconf 79' lang='lat' dir='ltr'><strong>pervium</strong></span> 
     </span>
     <span class='ocr_line' id='line_1_4' title="bbox 363 761 1726 852; baseline -0.006 -21"><span class='ocrx_word' id='word_1_23' title='bbox 363 766 404 832; x_wconf 85' lang='lat' dir='ltr'><strong>ad</strong></span> <span class='ocrx_word' id='word_1_24' title='bbox 435 765 601 830; x_wconf 80' lang='lat' dir='ltr'><strong>matricem</strong></span> <span class='ocrx_word' id='word_1_25' title='bbox 635 763 798 845; x_wconf 78' lang='lat' dir='ltr'><strong>abyssum,</strong></span> <span class='ocrx_word' id='word_1_26' title='bbox 833 764 874 828; x_wconf 90' lang='lat' dir='ltr'><strong>de</strong></span> <span class='ocrx_word' id='word_1_27' title='bbox 907 781 971 845; x_wconf 88' lang='lat' dir='ltr'><strong>que</strong></span> <span class='ocrx_word' id='word_1_28' title='bbox 1001 761 1104 828; x_wconf 85' lang='lat' dir='ltr'><strong>flucre</strong></span> <span class='ocrx_word' id='word_1_29' title='bbox 1137 762 1281 826; x_wconf 88' lang='lat' dir='ltr'><strong>creditur</strong></span> <span class='ocrx_word' id='word_1_30' title='bbox 1314 763 1417 828; x_wconf 89' lang='lat' dir='ltr'><strong>omnis</strong></span> <span class='ocrx_word' id='word_1_31' title='bbox 1450 777 1608 842; x_wconf 85' lang='lat' dir='ltr'><strong>equarum</strong></span> <span class='ocrx_word' id='word_1_32' title='bbox 1725 847 1726 852; x_wconf 5' lang='grc' dir='ltr'>ἵ</span> 
     </span>
     <span class='ocr_line' id='line_1_5' title="bbox 363 863 1608 949; baseline -0.006 -15"><span class='ocrx_word' id='word_1_33' title='bbox 363 869 572 948; x_wconf 83' lang='lat' dir='ltr'><strong>abundantio,</strong></span> <span class='ocrx_word' id='word_1_34' title='bbox 587 869 727 949; x_wconf 86' lang='lat' dir='ltr'><strong>ideoque</strong></span> <span class='ocrx_word' id='word_1_35' title='bbox 738 868 860 932; x_wconf 90' lang='lat' dir='ltr'><strong>nullom</strong></span> <span class='ocrx_word' id='word_1_36' title='bbox 881 867 1017 949; x_wconf 79' lang='lat' dir='ltr'><strong>reperiri</strong></span> <span class='ocrx_word' id='word_1_37' title='bbox 1037 865 1180 932; x_wconf 75' lang='lat' dir='ltr'><strong>fundum</strong></span> <span class='ocrx_word' id='word_1_38' title='bbox 1214 867 1263 931; x_wconf 82' lang='lat' dir='ltr'><strong>lie</strong></span> <span class='ocrx_word' id='word_1_39' title='bbox 1284 867 1344 931; x_wconf 88' lang='lat' dir='ltr'><strong>hac</strong></span> <span class='ocrx_word' id='word_1_40' title='bbox 1363 866 1479 947; x_wconf 85' lang='lat' dir='ltr'><strong>abysso</strong></span> <span class='ocrx_word' id='word_1_41' title='bbox 1493 863 1608 930; x_wconf 87' lang='lat' dir='ltr'><strong>scribi·</strong></span> 
     </span>
    </p>

    <p class='ocr_par' dir='ltr' id='par_1_3' title="bbox 363 970 1725 1366">
     <span class='ocr_line' id='line_1_6' title="bbox 363 970 1650 1053; baseline -0.002 -17"><span class='ocrx_word' id='word_1_42' title='bbox 363 977 418 1037; x_wconf 89' lang='lat' dir='ltr'><strong>tur</strong></span> <span class='ocrx_word' id='word_1_43' title='bbox 435 973 467 1036; x_wconf 91' lang='lat' dir='ltr'><strong>in</strong></span> <span class='ocrx_word' id='word_1_44' title='bbox 488 972 624 1038; x_wconf 82' lang='lat' dir='ltr'><strong>Genesi:</strong></span> <span class='ocrx_word' id='word_1_45' title='bbox 647 973 694 1038; x_wconf 84' lang='lat' dir='ltr'><strong>lit</strong></span> <span class='ocrx_word' id='word_1_46' title='bbox 715 973 827 1053; x_wconf 83' lang='lat' dir='ltr'><strong>rupti</strong></span> <span class='ocrx_word' id='word_1_47' title='bbox 851 977 946 1038; x_wconf 89' lang='lat' dir='ltr'><strong>sunt</strong></span> <span class='ocrx_word' id='word_1_48' title='bbox 968 989 1108 1038; x_wconf 88' lang='lat' dir='ltr'><strong>omnes</strong></span> <span class='ocrx_word' id='word_1_49' title='bbox 1131 970 1267 1036; x_wconf 84' lang='lat' dir='ltr'><strong>tontes</strong></span> <span class='ocrx_word' id='word_1_50' title='bbox 1293 971 1426 1052; x_wconf 85' lang='lat' dir='ltr'><strong>abyssi</strong></span> <span class='ocrx_word' id='word_1_51' title='bbox 1451 987 1607 1050; x_wconf 80' lang='lat' dir='ltr'><strong>magnae.</strong></span> <span class='ocrx_word' id='word_1_52' title='bbox 1639 978 1650 1022; x_wconf 83' lang='lat'>⁵</span> 
     </span>
     <span class='ocr_line' id='line_1_7' title="bbox 363 1075 1725 1162; baseline -0.004 -20"><span class='ocrx_word' id='word_1_53' title='bbox 363 1077 482 1142; x_wconf 85' lang='lat' dir='ltr'><strong>Paulus</strong></span> <span class='ocrx_word' id='word_1_54' title='bbox 504 1095 634 1160; x_wconf 86' lang='lat' dir='ltr'><strong>quoque</strong></span> <span class='ocrx_word' id='word_1_55' title='bbox 657 1079 830 1155; x_wconf 87' lang='lat' dir='ltr'><strong>Diaconos,</strong></span> <span class='ocrx_word' id='word_1_56' title='bbox 854 1075 1247 1141; x_wconf 80' lang='lat' dir='ltr'><strong>monachustlassinensis</strong></span> <span class='ocrx_word' id='word_1_57' title='bbox 1269 1076 1428 1154; x_wconf 89' lang='lat' dir='ltr'><strong>coenobii,</strong></span> <span class='ocrx_word' id='word_1_58' title='bbox 1452 1076 1506 1157; x_wconf 84' lang='lat' dir='ltr'><strong>qni</strong></span> <span class='ocrx_word' id='word_1_59' title='bbox 1530 1091 1607 1138; x_wconf 91' lang='lat' dir='ltr'><strong>con·</strong></span> <span class='ocrx_word' id='word_1_60' title='bbox 1724 1153 1725 1162; x_wconf 8' lang='grc' dir='ltr'>ἵ</span> 
     </span>
     <span class='ocr_line' id='line_1_8' title="bbox 363 1167 1725 1264; baseline -0.004 -16"><span class='ocrx_word' id='word_1_61' title='bbox 363 1183 498 1264; x_wconf 77' lang='lat' dir='ltr'><strong>scripsit</strong></span> <span class='ocrx_word' id='word_1_62' title='bbox 519 1182 686 1248; x_wconf 75' lang='lat' dir='ltr'><strong>historiam</strong></span> <span class='ocrx_word' id='word_1_63' title='bbox 711 1179 961 1263; x_wconf 85' lang='lat' dir='ltr'><strong>pulcherrimam</strong></span> <span class='ocrx_word' id='word_1_64' title='bbox 995 1181 1037 1245; x_wconf 90' lang='lat' dir='ltr'><strong>dc</strong></span> <span class='ocrx_word' id='word_1_65' title='bbox 1067 1178 1247 1244; x_wconf 71' lang='lat' dir='ltr'><strong>Pannoniae</strong></span> <span class='ocrx_word' id='word_1_66' title='bbox 1274 1180 1450 1261; x_wconf 85' lang='lat' dir='ltr'><strong>provincie,</strong></span> <span class='ocrx_word' id='word_1_67' title='bbox 1482 1181 1514 1243; x_wconf 91' lang='lat' dir='ltr'><strong>in</strong></span> <span class='ocrx_word' id='word_1_68' title='bbox 1545 1197 1610 1262; x_wconf 91' lang='lat' dir='ltr'><strong>qua</strong></span> <span class='ocrx_word' id='word_1_69' title='bbox 1724 1167 1725 1172; x_wconf 63' lang='grc'>’</span> 
     </span>
     <span class='ocr_line' id='line_1_9' title="bbox 364 1283 1609 1366; baseline -0.002 -15"><span class='ocrx_word' id='word_1_70' title='bbox 364 1286 483 1352; x_wconf 87' lang='lat' dir='ltr'><strong>multas</strong></span> <span class='ocrx_word' id='word_1_71' title='bbox 505 1286 603 1352; x_wconf 90' lang='lat' dir='ltr'><strong>utiles</strong></span> <span class='ocrx_word' id='word_1_72' title='bbox 624 1293 660 1352; x_wconf 91' lang='lat' dir='ltr'><strong>et</strong></span> <span class='ocrx_word' id='word_1_73' title='bbox 680 1303 744 1352; x_wconf 86' lang='lat' dir='ltr'><strong>non</strong></span> <span class='ocrx_word' id='word_1_74' title='bbox 768 1287 872 1350; x_wconf 88' lang='lat' dir='ltr'><strong>minus</strong></span> <span class='ocrx_word' id='word_1_75' title='bbox 895 1283 1109 1350; x_wconf 74' lang='lat' dir='ltr'><strong>delectabiles</strong></span> <span class='ocrx_word' id='word_1_76' title='bbox 1140 1283 1221 1350; x_wconf 89' lang='lat' dir='ltr'><strong>iecit</strong></span> <span class='ocrx_word' id='word_1_77' title='bbox 1252 1285 1480 1366; x_wconf 77' lang='lat' dir='ltr'><strong>digressiones,</strong></span> <span class='ocrx_word' id='word_1_78' title='bbox 1514 1301 1609 1364; x_wconf 77' lang='lat' dir='ltr'><strong>pene</strong></span> 
     </span>
    </p>

    <p class='ocr_par' dir='ltr' id='par_1_4' title="bbox 364 1387 1608 1472">
     <span class='ocr_line' id='line_1_10' title="bbox 364 1387 1608 1472; baseline -0.003 -16"><span class='ocrx_word' id='word_1_79' title='bbox 364 1391 450 1456; x_wconf 89' lang='lat' dir='ltr'><strong>idem</strong></span> <span class='ocrx_word' id='word_1_80' title='bbox 479 1390 623 1472; x_wconf 90' lang='lat' dir='ltr'><strong>loquitur</strong></span> <span class='ocrx_word' id='word_1_81' title='bbox 643 1392 683 1456; x_wconf 90' lang='lat' dir='ltr'><strong>de</strong></span> <span class='ocrx_word' id='word_1_82' title='bbox 707 1389 888 1472; x_wconf 79' lang='lat' dir='ltr'><strong>Charybdis</strong></span> <span class='ocrx_word' id='word_1_83' title='bbox 911 1395 1036 1454; x_wconf 89' lang='lat' dir='ltr'><strong>natura.</strong></span> <span class='ocrx_word' id='word_1_84' title='bbox 1081 1389 1155 1471; x_wconf 88' lang='lat' dir='ltr'><strong>Ipse</strong></span> <span class='ocrx_word' id='word_1_85' title='bbox 1179 1389 1264 1455; x_wconf 88' lang='lat' dir='ltr'><strong>enim</strong></span> <span class='ocrx_word' id='word_1_86' title='bbox 1291 1387 1439 1468; x_wconf 79' lang='lat' dir='ltr'><strong>affirmat,</strong></span> <span class='ocrx_word' id='word_1_87' title='bbox 1463 1389 1504 1454; x_wconf 90' lang='lat' dir='ltr'><strong>de</strong></span> <span class='ocrx_word' id='word_1_88' title='bbox 1528 1387 1608 1452; x_wconf 86' lang='lat' dir='ltr'><strong>Pen-</strong></span> 
     </span>
    </p>

    <p class='ocr_par' dir='ltr' id='par_1_5' title="bbox 361 1493 1663 1684">
     <span class='ocr_line' id='line_1_11' title="bbox 364 1493 1663 1576; baseline -0.003 -14"><span class='ocrx_word' id='word_1_89' title='bbox 364 1498 464 1562; x_wconf 87' lang='lat' dir='ltr'><strong>nonia</strong></span> <span class='ocrx_word' id='word_1_90' title='bbox 486 1497 592 1562; x_wconf 86' lang='lat' dir='ltr'><strong>exisse</strong></span> <span class='ocrx_word' id='word_1_91' title='bbox 616 1512 683 1573; x_wconf 90' lang='lat' dir='ltr'><strong>eos,</strong></span> <span class='ocrx_word' id='word_1_92' title='bbox 706 1496 759 1576; x_wconf 89' lang='lat' dir='ltr'><strong>qui</strong></span> <span class='ocrx_word' id='word_1_93' title='bbox 783 1496 971 1560; x_wconf 88' lang='lat' dir='ltr'><strong>invaserunt</strong></span> <span class='ocrx_word' id='word_1_94' title='bbox 993 1495 1121 1559; x_wconf 90' lang='lat' dir='ltr'><strong>ltaliam</strong></span> <span class='ocrx_word' id='word_1_95' title='bbox 1145 1493 1322 1575; x_wconf 81' lang='lat' dir='ltr'><strong>permissu⁸</strong></span> <span class='ocrx_word' id='word_1_96' title='bbox 1342 1495 1436 1560; x_wconf 85' lang='lat' dir='ltr'><strong>Nerei</strong></span> <span class='ocrx_word' id='word_1_97' title='bbox 1467 1493 1605 1576; x_wconf 88' lang='lat' dir='ltr'><strong>patricii,</strong></span> <span class='ocrx_word' id='word_1_98' title='bbox 1639 1493 1663 1538; x_wconf 89' lang='lat'><strong>¹⁰</strong></span> 
     </span>
     <span class='ocr_line' id='line_1_12' title="bbox 361 1599 1606 1684; baseline -0.004 -16"><span class='ocrx_word' id='word_1_99' title='bbox 361 1607 492 1684; x_wconf 78' lang='lat' dir='ltr'><strong>gentem</strong></span> <span class='ocrx_word' id='word_1_100' title='bbox 515 1599 750 1666; x_wconf 79' lang='lat' dir='ltr'><strong>ferocissimam</strong></span> <span class='ocrx_word' id='word_1_101' title='bbox 774 1607 808 1664; x_wconf 89' lang='lat' dir='ltr'><strong>et</strong></span> <span class='ocrx_word' id='word_1_102' title='bbox 836 1601 906 1666; x_wconf 87' lang='lat' dir='ltr'><strong>Deo</strong></span> <span class='ocrx_word' id='word_1_103' title='bbox 930 1600 1102 1680; x_wconf 90' lang='lat' dir='ltr'><strong>inimicam,</strong></span> <span class='ocrx_word' id='word_1_104' title='bbox 1136 1600 1191 1682; x_wconf 87' lang='lat' dir='ltr'><strong>qui</strong></span> <span class='ocrx_word' id='word_1_105' title='bbox 1222 1606 1299 1668; x_wconf 86' lang='lat' dir='ltr'><strong>tunc</strong></span> <span class='ocrx_word' id='word_1_106' title='bbox 1335 1600 1494 1681; x_wconf 83' lang='lat' dir='ltr'><strong>appellati</strong></span> <span class='ocrx_word' id='word_1_107' title='bbox 1527 1605 1606 1664; x_wconf 88' lang='lat' dir='ltr'><strong>sunt</strong></span> 
     </span>
    </p>

    <p class='ocr_par' dir='ltr' id='par_1_6' title="bbox 360 1703 1725 2310">
     <span class='ocr_line' id='line_1_13' title="bbox 360 1703 1725 1787; baseline -0.003 -15"><span class='ocrx_word' id='word_1_108' title='bbox 360 1703 584 1787; x_wconf 82' lang='lat' dir='ltr'><strong>Longoharbi⁴</strong></span> <span class='ocrx_word' id='word_1_109' title='bbox 606 1723 625 1768; x_wconf 88' lang='lat' dir='ltr'><strong>a</strong></span> <span class='ocrx_word' id='word_1_110' title='bbox 646 1705 742 1784; x_wconf 78' lang='lat' dir='ltr'><strong>longa</strong></span> <span class='ocrx_word' id='word_1_111' title='bbox 763 1705 873 1781; x_wconf 84' lang='lat' dir='ltr'><strong>berha,</strong></span> <span class='ocrx_word' id='word_1_112' title='bbox 897 1710 1114 1774; x_wconf 79' lang='lat' dir='ltr'><strong>runcantem</strong></span> <span class='ocrx_word' id='word_1_113' title='bbox 1137 1709 1293 1770; x_wconf 84' lang='lat' dir='ltr'><strong>vocantur</strong></span> <span class='ocrx_word' id='word_1_114' title='bbox 1304 1709 1456 1787; x_wconf 82' lang='lat' dir='ltr'><strong>corrupte</strong></span> <span class='ocrx_word' id='word_1_115' title='bbox 1479 1703 1605 1785; x_wconf 85' lang='lat' dir='ltr'><strong>Longo·</strong></span> <span class='ocrx_word' id='word_1_116' title='bbox 1724 1721 1725 1726; x_wconf 47' lang='lat'>¹</span> 
     </span>
     <span class='ocr_line' id='line_1_14' title="bbox 361 1807 1605 1890; baseline 0.002 -19"><span class='ocrx_word' id='word_1_117' title='bbox 361 1807 465 1886; x_wconf 85' lang='lat' dir='ltr'><strong>bardi,</strong></span> <span class='ocrx_word' id='word_1_118' title='bbox 502 1814 628 1876; x_wconf 85' lang='lat' dir='ltr'><strong>mutata</strong></span> <span class='ocrx_word' id='word_1_119' title='bbox 660 1808 757 1876; x_wconf 88' lang='lat' dir='ltr'><strong>litere</strong></span> <span class='ocrx_word' id='word_1_120' title='bbox 780 1809 807 1873; x_wconf 88' lang='lat' dir='ltr'>D</span> <span class='ocrx_word' id='word_1_121' title='bbox 829 1827 889 1890; x_wconf 85' lang='lat' dir='ltr'><strong>pro</strong></span> <span class='ocrx_word' id='word_1_122' title='bbox 912 1809 948 1873; x_wconf 87' lang='lat' dir='ltr'><strong>B.</strong></span> <span class='ocrx_word' id='word_1_123' title='bbox 1006 1810 1172 1874; x_wconf 89' lang='lat' dir='ltr'><strong>Pannonia</strong></span> <span class='ocrx_word' id='word_1_124' title='bbox 1205 1827 1282 1875; x_wconf 86' lang='lat' dir='ltr'><strong>vero</strong></span> <span class='ocrx_word' id='word_1_125' title='bbox 1313 1827 1352 1874; x_wconf 84' lang='lat' dir='ltr'><strong>ex</strong></span> <span class='ocrx_word' id='word_1_126' title='bbox 1386 1827 1425 1874; x_wconf 91' lang='lat' dir='ltr'><strong>eo</strong></span> <span class='ocrx_word' id='word_1_127' title='bbox 1458 1815 1605 1890; x_wconf 85' lang='lat' dir='ltr'><strong>tempore</strong></span> 
     </span>
     <span class='ocr_line' id='line_1_15' title="bbox 363 1911 1607 1996; baseline 0 -19"><span class='ocrx_word' id='word_1_128' title='bbox 363 1911 529 1978; x_wconf 85' lang='lat' dir='ltr'><strong>nominata</strong></span> <span class='ocrx_word' id='word_1_129' title='bbox 565 1920 617 1979; x_wconf 90' lang='lat' dir='ltr'><strong>est</strong></span> <span class='ocrx_word' id='word_1_130' title='bbox 648 1914 825 1996; x_wconf 82' lang='lat' dir='ltr'><strong>Hungaric,</strong></span> <span class='ocrx_word' id='word_1_131' title='bbox 859 1933 923 1995; x_wconf 91' lang='lat' dir='ltr'><strong>quo</strong></span> <span class='ocrx_word' id='word_1_132' title='bbox 958 1933 1029 1979; x_wconf 89' lang='lat' dir='ltr'><strong>eam</strong></span> <span class='ocrx_word' id='word_1_133' title='bbox 1063 1913 1301 1996; x_wconf 87' lang='lat' dir='ltr'><strong>quodammodo</strong></span> <span class='ocrx_word' id='word_1_134' title='bbox 1335 1913 1366 1978; x_wconf 88' lang='lat' dir='ltr'><strong>vi</strong></span> <span class='ocrx_word' id='word_1_135' title='bbox 1402 1918 1607 1979; x_wconf 85' lang='lat' dir='ltr'><strong>extorserunt</strong></span> 
     </span>
     <span class='ocr_line' id='line_1_16' title="bbox 364 2009 1725 2100; baseline -0.003 -16"><span class='ocrx_word' id='word_1_136' title='bbox 364 2015 467 2084; x_wconf 67' lang='grc' dir='ltr'><strong>Ηιιιιί5</strong></span> <span class='ocrx_word' id='word_1_137' title='bbox 489 2038 508 2084; x_wconf 87' lang='lat' dir='ltr'><strong>u</strong></span> <span class='ocrx_word' id='word_1_138' title='bbox 530 2017 892 2100; x_wconf 82' lang='lat' dir='ltr'><strong>Constantinopolitano</strong></span> <span class='ocrx_word' id='word_1_139' title='bbox 915 2018 1120 2100; x_wconf 82' lang='lat' dir='ltr'><strong>imperatore,</strong></span> <span class='ocrx_word' id='word_1_140' title='bbox 1153 2018 1208 2099; x_wconf 89' lang='lat' dir='ltr'><strong>qui</strong></span> <span class='ocrx_word' id='word_1_141' title='bbox 1232 2025 1268 2082; x_wconf 88' lang='lat' dir='ltr'><strong>ut</strong></span> <span class='ocrx_word' id='word_1_142' title='bbox 1289 2023 1456 2083; x_wconf 90' lang='lat' dir='ltr'><strong>cessarent</strong></span> <span class='ocrx_word' id='word_1_143' title='bbox 1476 2037 1496 2082; x_wconf 98' lang='lat' dir='ltr'><strong>a</strong></span> <span class='ocrx_word' id='word_1_144' title='bbox 1520 2018 1605 2098; x_wconf 86' lang='lat' dir='ltr'><strong>rapi·</strong></span> <span class='ocrx_word' id='word_1_145' title='bbox 1639 2009 1663 2055; x_wconf 76' lang='lat'><strong>¹⁶</strong></span> <span class='ocrx_word' id='word_1_146' title='bbox 1724 2023 1725 2029; x_wconf 77' lang='grc'>’</span> 
     </span>
     <span class='ocr_line' id='line_1_17' title="bbox 363 2120 1725 2206; baseline -0.003 -18"><span class='ocrx_word' id='word_1_147' title='bbox 363 2124 450 2206; x_wconf 82' lang='lat' dir='ltr'><strong>pinis</strong></span> <span class='ocrx_word' id='word_1_148' title='bbox 474 2130 508 2192; x_wconf 90' lang='lat' dir='ltr'><strong>ct</strong></span> <span class='ocrx_word' id='word_1_149' title='bbox 530 2124 713 2190; x_wconf 74' lang='lat' dir='ltr'><strong>secutione</strong></span> <span class='ocrx_word' id='word_1_150' title='bbox 735 2123 825 2204; x_wconf 85' lang='lat' dir='ltr'><strong>regni</strong></span> <span class='ocrx_word' id='word_1_151' title='bbox 848 2124 907 2200; x_wconf 89' lang='lat' dir='ltr'><strong>sni,</strong></span> <span class='ocrx_word' id='word_1_152' title='bbox 929 2125 1048 2192; x_wconf 84' lang='lat' dir='ltr'><strong>invitus</strong></span> <span class='ocrx_word' id='word_1_153' title='bbox 1068 2122 1155 2200; x_wconf 91' lang='lat' dir='ltr'><strong>licet,</strong></span> <span class='ocrx_word' id='word_1_154' title='bbox 1179 2120 1317 2186; x_wconf 83' lang='lat' dir='ltr'><strong>tradidit</strong></span> <span class='ocrx_word' id='word_1_155' title='bbox 1338 2122 1385 2186; x_wconf 89' lang='lat' dir='ltr'><strong>eis</strong></span> <span class='ocrx_word' id='word_1_156' title='bbox 1406 2123 1603 2205; x_wconf 83' lang='lat' dir='ltr'><strong>provinciam</strong></span> <span class='ocrx_word' id='word_1_157' title='bbox 1724 2144 1725 2184; x_wconf 55' lang='grc' dir='ltr'>ι</span> 
     </span>
     <span class='ocr_line' id='line_1_18' title="bbox 365 2225 1605 2310; baseline -0.003 -16"><span class='ocrx_word' id='word_1_158' title='bbox 365 2228 533 2294; x_wconf 84' lang='lat' dir='ltr'><strong>translatis</strong></span> <span class='ocrx_word' id='word_1_159' title='bbox 573 2227 653 2294; x_wconf 82' lang='lat' dir='ltr'><strong>alio⁶</strong></span> <span class='ocrx_word' id='word_1_160' title='bbox 689 2226 853 2310; x_wconf 89' lang='lat' dir='ltr'><strong>prioribus</strong></span> <span class='ocrx_word' id='word_1_161' title='bbox 886 2227 1151 2294; x_wconf 59' lang='lat' dir='ltr'><strong>habitatoribus.</strong></span> <span class='ocrx_word' id='word_1_162' title='bbox 1206 2226 1266 2291; x_wconf 91' lang='lat' dir='ltr'><strong>Isti</strong></span> <span class='ocrx_word' id='word_1_163' title='bbox 1298 2225 1393 2306; x_wconf 90' lang='lat' dir='ltr'><strong>Huni,</strong></span> <span class='ocrx_word' id='word_1_164' title='bbox 1426 2233 1463 2292; x_wconf 91' lang='lat' dir='ltr'><strong>ut</strong></span> <span class='ocrx_word' id='word_1_165' title='bbox 1496 2225 1605 2291; x_wconf 87' lang='lat' dir='ltr'><strong>scribit</strong></span> 
     </span>
    </p>
   </div>
   <div class='ocr_carea' id='block_1_3' title="bbox 365 2463 1607 2716">
    <p class='ocr_par' dir='ltr' id='par_1_7' title="bbox 365 2463 1607 2716">
     <span class='ocr_line' id='line_1_19' title="bbox 437 2463 1603 2552; baseline 0 -16"><span class='ocrx_word' id='word_1_166' title='bbox 437 2481 523 2550; x_wconf 76' lang='lat' dir='ltr'><strong>&#39;mgb</strong></span> <span class='ocrx_word' id='word_1_167' title='bbox 542 2484 591 2537; x_wconf 83' lang='lat' dir='ltr'><strong>AS.</strong></span> <span class='ocrx_word' id='word_1_168' title='bbox 612 2485 741 2538; x_wconf 83' lang='lat' dir='ltr'><strong>indsatei</strong></span> <span class='ocrx_word' id='word_1_169' title='bbox 757 2486 789 2539; x_wconf 83' lang='lat' dir='ltr'><strong>K.</strong></span> <span class='ocrx_word' id='word_1_170' title='bbox 827 2463 907 2537; x_wconf 75' lang='lat' dir='ltr'><strong>’&#39;ns.</strong></span> <span class='ocrx_word' id='word_1_171' title='bbox 929 2485 1067 2538; x_wconf 83' lang='lat' dir='ltr'><strong>Pannoniae</strong></span> <span class='ocrx_word' id='word_1_172' title='bbox 1086 2483 1117 2536; x_wconf 83' lang='lat' dir='ltr'><strong>K.</strong></span> <span class='ocrx_word' id='word_1_173' title='bbox 1157 2481 1382 2550; x_wconf 60' lang='lat' dir='ltr'><strong>leotincinse</strong></span> <span class='ocrx_word' id='word_1_174' title='bbox 1406 2487 1438 2536; x_wconf 82' lang='lat' dir='ltr'><strong>A.</strong></span> <span class='ocrx_word' id='word_1_175' title='bbox 1460 2488 1603 2552; x_wconf 86' lang='lat' dir='ltr'><strong>permissum</strong></span> 
     </span>
     <span class='ocr_line' id='line_1_20' title="bbox 367 2569 1607 2641; baseline 0.001 -18"><span class='ocrx_word' id='word_1_176' title='bbox 367 2573 420 2623; x_wconf 83' lang='lat' dir='ltr'><strong>As.</strong></span> <span class='ocrx_word' id='word_1_177' title='bbox 439 2575 463 2624; x_wconf 85' lang='lat' dir='ltr'>K</span> <span class='ocrx_word' id='word_1_178' title='bbox 480 2575 614 2638; x_wconf 77' lang='lat' dir='ltr'><strong>tillregger:</strong></span> <span class='ocrx_word' id='word_1_179' title='bbox 633 2591 728 2641; x_wconf 84' lang='lat' dir='ltr'><strong>nempe.</strong></span> <span class='ocrx_word' id='word_1_180' title='bbox 756 2571 985 2637; x_wconf 79' lang='lat' dir='ltr'><strong>⁴S.Longobardi</strong></span> <span class='ocrx_word' id='word_1_181' title='bbox 1006 2577 1064 2625; x_wconf 82' lang='lat' dir='ltr'><strong>AK.</strong></span> <span class='ocrx_word' id='word_1_182' title='bbox 1101 2569 1182 2626; x_wconf 68' lang='lat'><strong>⁵81³.</strong></span> <span class='ocrx_word' id='word_1_183' title='bbox 1202 2575 1286 2626; x_wconf 89' lang='lat' dir='ltr'><strong>Hunni</strong></span> <span class='ocrx_word' id='word_1_184' title='bbox 1308 2577 1340 2624; x_wconf 88' lang='lat' dir='ltr'><strong>A.</strong></span> <span class='ocrx_word' id='word_1_185' title='bbox 1372 2569 1607 2624; x_wconf 75' lang='lat' dir='ltr'><strong>‘rettetalSuhm</strong></span> 
     </span>
     <span class='ocr_line' id='line_1_21' title="bbox 365 2661 904 2716; baseline -0.006 -4"><span class='ocrx_word' id='word_1_186' title='bbox 365 2662 517 2714; x_wconf 67' lang='lat' dir='ltr'><strong>attrahite.</strong></span> <span class='ocrx_word' id='word_1_187' title='bbox 555 2661 565 2689; x_wconf 75' lang='lat'>¹</span> <span class='ocrx_word' id='word_1_188' title='bbox 584 2663 636 2714; x_wconf 79' lang='lat' dir='ltr'><strong>AS.</strong></span> <span class='ocrx_word' id='word_1_189' title='bbox 656 2663 853 2716; x_wconf 85' lang='lat' dir='ltr'><strong>habitationibus</strong></span> <span class='ocrx_word' id='word_1_190' title='bbox 872 2663 904 2713; x_wconf 74' lang='lat' dir='ltr'><strong>lt.</strong></span> 
     </span>
    </p>
   </div>
   <div class='ocr_carea' id='block_1_4' title="bbox 369 2885 1727 3485">
    <p class='ocr_par' dir='ltr' id='par_1_8' title="bbox 369 2885 1599 3063">
     <span class='ocr_line' id='line_1_22' title="bbox 369 2885 1599 2964; baseline -0.004 -17"><span class='ocrx_word' id='word_1_191' title='bbox 369 2888 437 2948; x_wconf 72' lang='lat' dir='ltr'><strong>sito,</strong></span> <span class='ocrx_word' id='word_1_192' title='bbox 482 2887 516 2946; x_wconf 90' lang='lat' dir='ltr'><strong>In</strong></span> <span class='ocrx_word' id='word_1_193' title='bbox 540 2907 575 2945; x_wconf 88' lang='lat' dir='ltr'><strong>eo</strong></span> <span class='ocrx_word' id='word_1_194' title='bbox 598 2885 678 2945; x_wconf 83' lang='lat' dir='ltr'><strong>freto</strong></span> <span class='ocrx_word' id='word_1_195' title='bbox 703 2892 751 2944; x_wconf 88' lang='lat' dir='ltr'><strong>est</strong></span> <span class='ocrx_word' id='word_1_196' title='bbox 773 2888 917 2964; x_wconf 84' lang='lat' dir='ltr'><strong>scopulus</strong></span> <span class='ocrx_word' id='word_1_197' title='bbox 942 2887 1059 2961; x_wconf 86' lang='lat' dir='ltr'><strong>Scyllae,</strong></span> <span class='ocrx_word' id='word_1_198' title='bbox 1083 2889 1155 2946; x_wconf 90' lang='lat' dir='ltr'><strong>item</strong></span> <span class='ocrx_word' id='word_1_199' title='bbox 1178 2885 1346 2961; x_wconf 75' lang='lat' dir='ltr'><strong>Charybdis</strong></span> <span class='ocrx_word' id='word_1_200' title='bbox 1370 2905 1451 2943; x_wconf 88' lang='lat' dir='ltr'><strong>mere</strong></span> <span class='ocrx_word' id='word_1_201' title='bbox 1477 2887 1599 2943; x_wconf 89' lang='lat' dir='ltr'><strong>vertico-</strong></span> 
     </span>
     <span class='ocr_line' id='line_1_23' title="bbox 370 2991 813 3063; baseline -0.007 -12"><span class='ocrx_word' id='word_1_202' title='bbox 370 3013 445 3063; x_wconf 81' lang='lat' dir='ltr'><strong>sum,</strong></span> <span class='ocrx_word' id='word_1_203' title='bbox 469 2993 557 3050; x_wconf 88' lang='lat' dir='ltr'><strong>ambo</strong></span> <span class='ocrx_word' id='word_1_204' title='bbox 580 2991 663 3050; x_wconf 89' lang='lat' dir='ltr'><strong>clera</strong></span> <span class='ocrx_word' id='word_1_205' title='bbox 685 2993 813 3050; x_wconf 82' lang='lat' dir='ltr'><strong>saevitia.</strong></span> 
     </span>
    </p>

    <p class='ocr_par' dir='ltr' id='par_1_9' title="bbox 455 3087 939 3170">
     <span class='ocr_line' id='line_1_24' title="bbox 455 3087 939 3170; baseline -0.004 -14"><span class='ocrx_word' id='word_1_206' title='bbox 455 3101 482 3156; x_wconf 89' lang='lat'><strong>5.</strong></span> <span class='ocrx_word' id='word_1_207' title='bbox 529 3087 667 3170; x_wconf 87' lang='lat' dir='ltr'><strong>Genesis]</strong></span> <span class='ocrx_word' id='word_1_208' title='bbox 692 3095 725 3154; x_wconf 78' lang='lat' dir='ltr'><strong>(i.</strong></span> <span class='ocrx_word' id='word_1_209' title='bbox 750 3095 813 3168; x_wconf 85' lang='lat' dir='ltr'><strong>Vll,</strong></span> <span class='ocrx_word' id='word_1_210' title='bbox 838 3115 864 3154; x_wconf 85' lang='lat' dir='ltr'><strong>v.</strong></span> <span class='ocrx_word' id='word_1_211' title='bbox 891 3099 939 3154; x_wconf 90' lang='lat' dir='ltr'><strong>ll.</strong></span> 
     </span>
    </p>

    <p class='ocr_par' dir='ltr' id='par_1_10' title="bbox 371 3195 1727 3485">
     <span class='ocr_line' id='line_1_25' title="bbox 456 3195 1605 3278; baseline -0.003 -18"><span class='ocrx_word' id='word_1_212' title='bbox 456 3203 483 3260; x_wconf 88' lang='grc'><strong>6.</strong></span> <span class='ocrx_word' id='word_1_213' title='bbox 528 3198 639 3259; x_wconf 87' lang='lat' dir='ltr'><strong>Penius</strong></span> <span class='ocrx_word' id='word_1_214' title='bbox 676 3229 715 3239; x_wconf 93' lang='lat'>-</span> <span class='ocrx_word' id='word_1_215' title='bbox 750 3201 787 3258; x_wconf 88' lang='lat' dir='ltr'><strong>de</strong></span> <span class='ocrx_word' id='word_1_216' title='bbox 820 3197 987 3274; x_wconf 80' lang='lat' dir='ltr'><strong>Charybdis</strong></span> <span class='ocrx_word' id='word_1_217' title='bbox 1022 3195 1143 3271; x_wconf 86' lang='lat' dir='ltr'><strong>nature]</strong></span> <span class='ocrx_word' id='word_1_218' title='bbox 1182 3200 1236 3258; x_wconf 85' lang='lat' dir='ltr'><strong>cir.</strong></span> <span class='ocrx_word' id='word_1_219' title='bbox 1274 3199 1360 3278; x_wconf 83' lang='lat' dir='ltr'><strong>Pauli</strong></span> <span class='ocrx_word' id='word_1_220' title='bbox 1392 3199 1532 3268; x_wconf 85' lang='lat' dir='ltr'><strong>Diaconi,</strong></span> <span class='ocrx_word' id='word_1_221' title='bbox 1570 3199 1605 3256; x_wconf 93' lang='lat' dir='ltr'><strong>de</strong></span> 
     </span>
     <span class='ocr_line' id='line_1_26' title="bbox 371 3303 1727 3386; baseline -0.004 -20"><span class='ocrx_word' id='word_1_222' title='bbox 371 3309 467 3386; x_wconf 80' lang='lat' dir='ltr'><strong>gestis</strong></span> <span class='ocrx_word' id='word_1_223' title='bbox 491 3305 763 3381; x_wconf 65' lang='lat' dir='ltr'><strong>LongObsti&#39;dol&#39;Uffl</strong></span> <span class='ocrx_word' id='word_1_224' title='bbox 787 3305 808 3374; x_wconf 89' lang='grc' dir='ltr'><strong>Ι,</strong></span> <span class='ocrx_word' id='word_1_225' title='bbox 834 3307 866 3361; x_wconf 87' lang='lat'><strong>6:</strong></span> <span class='ocrx_word' id='word_1_226' title='bbox 910 3303 974 3361; x_wconf 84' lang='lat' dir='ltr'><strong>Nec</strong></span> <span class='ocrx_word' id='word_1_227' title='bbox 999 3305 1072 3360; x_wconf 85' lang='lat' dir='ltr'><strong>setis</strong></span> <span class='ocrx_word' id='word_1_228' title='bbox 1096 3303 1204 3377; x_wconf 85' lang='lat' dir='ltr'><strong>procul</strong></span> <span class='ocrx_word' id='word_1_229' title='bbox 1228 3303 1266 3361; x_wconf 89' lang='lat' dir='ltr'><strong>ab</strong></span> <span class='ocrx_word' id='word_1_230' title='bbox 1290 3306 1346 3362; x_wconf 92' lang='lat' dir='ltr'><strong>hoc</strong></span> <span class='ocrx_word' id='word_1_231' title='bbox 1371 3304 1408 3361; x_wconf 90' lang='lat' dir='ltr'><strong>de</strong></span> <span class='ocrx_word' id='word_1_232' title='bbox 1444 3325 1503 3380; x_wconf 92' lang='lat' dir='ltr'><strong>quo</strong></span> <span class='ocrx_word' id='word_1_233' title='bbox 1533 3323 1604 3380; x_wconf 81' lang='lat' dir='ltr'><strong>prac-</strong></span> <span class='ocrx_word' id='word_1_234' title='bbox 1726 3335 1727 3342; x_wconf 27' lang='grc' dir='ltr'>ι</span> 
     </span>
     <span class='ocr_line' id='line_1_27' title="bbox 371 3401 1606 3485; baseline -0.006 -14"><span class='ocrx_word' id='word_1_235' title='bbox 371 3414 507 3472; x_wconf 89' lang='lat' dir='ltr'><strong>misimus</strong></span> <span class='ocrx_word' id='word_1_236' title='bbox 529 3411 620 3468; x_wconf 85' lang='lat' dir='ltr'><strong>litore</strong></span> <span class='ocrx_word' id='word_1_237' title='bbox 645 3401 689 3485; x_wconf 66' lang='grc' dir='ltr'><strong>[οε</strong></span> <span class='ocrx_word' id='word_1_238' title='bbox 703 3404 917 3478; x_wconf 88' lang='lat' dir='ltr'><strong>Scandinavia]</strong></span> <span class='ocrx_word' id='word_1_239' title='bbox 942 3411 1048 3466; x_wconf 89' lang='lat' dir='ltr'><strong>contra</strong></span> <span class='ocrx_word' id='word_1_240' title='bbox 1065 3407 1284 3465; x_wconf 89' lang='lat' dir='ltr'><strong>occidentalem</strong></span> <span class='ocrx_word' id='word_1_241' title='bbox 1308 3413 1437 3484; x_wconf 89' lang='lat' dir='ltr'><strong>partem,</strong></span> <span class='ocrx_word' id='word_1_242' title='bbox 1464 3410 1606 3484; x_wconf 72' lang='lat' dir='ltr'><strong>quisine</strong></span> 
     </span>
    </p>
   </div>
   <div class='ocr_carea' id='block_1_5' title="bbox 371 3497 1727 3691">
    <p class='ocr_par' dir='ltr' id='par_1_11' title="bbox 371 3497 1727 3691">
     <span class='ocr_line' id='line_1_28' title="bbox 371 3497 1727 3590; baseline -0.007 -15"><span class='ocrx_word' id='word_1_243' title='bbox 371 3515 431 3575; x_wconf 88' lang='lat' dir='ltr'><strong>fine</strong></span> <span class='ocrx_word' id='word_1_244' title='bbox 444 3535 591 3574; x_wconf 87' lang='lat' dir='ltr'><strong>oceanum</strong></span> <span class='ocrx_word' id='word_1_245' title='bbox 603 3515 731 3590; x_wconf 78' lang='lat' dir='ltr'><strong>pelagus</strong></span> <span class='ocrx_word' id='word_1_246' title='bbox 744 3515 839 3589; x_wconf 89' lang='lat' dir='ltr'><strong>patet,</strong></span> <span class='ocrx_word' id='word_1_247' title='bbox 849 3511 1089 3589; x_wconf 85' lang='lat' dir='ltr'><strong>profundissime</strong></span> <span class='ocrx_word' id='word_1_248' title='bbox 1102 3531 1248 3587; x_wconf 89' lang='lat' dir='ltr'><strong>aquarum</strong></span> <span class='ocrx_word' id='word_1_249' title='bbox 1263 3513 1315 3570; x_wconf 86' lang='lat' dir='ltr'><strong>illa</strong></span> <span class='ocrx_word' id='word_1_250' title='bbox 1327 3531 1440 3588; x_wconf 82' lang='lat' dir='ltr'><strong>vorago</strong></span> <span class='ocrx_word' id='word_1_251' title='bbox 1454 3517 1510 3585; x_wconf 91' lang='lat' dir='ltr'><strong>est,</strong></span> <span class='ocrx_word' id='word_1_252' title='bbox 1524 3531 1606 3588; x_wconf 90' lang='lat' dir='ltr'><strong>quam</strong></span> <span class='ocrx_word' id='word_1_253' title='bbox 1726 3497 1727 3526; x_wconf 60' lang='lat'>¹</span> 
     </span>
     <span class='ocr_line' id='line_1_29' title="bbox 371 3617 1606 3691; baseline -0.007 -11"><span class='ocrx_word' id='word_1_254' title='bbox 371 3623 486 3680; x_wconf 85' lang='lat' dir='ltr'><strong>usitato</strong></span> <span class='ocrx_word' id='word_1_255' title='bbox 509 3622 629 3678; x_wconf 90' lang='lat' dir='ltr'><strong>nomine</strong></span> <span class='ocrx_word' id='word_1_256' title='bbox 658 3621 749 3676; x_wconf 90' lang='lat' dir='ltr'><strong>maris</strong></span> <span class='ocrx_word' id='word_1_257' title='bbox 783 3617 958 3674; x_wconf 89' lang='lat' dir='ltr'><strong>umbilicum</strong></span> <span class='ocrx_word' id='word_1_258' title='bbox 991 3635 1145 3687; x_wconf 88' lang='lat' dir='ltr'><strong>vocamus,</strong></span> <span class='ocrx_word' id='word_1_259' title='bbox 1181 3635 1247 3691; x_wconf 85' lang='lat' dir='ltr'><strong>qnae</strong></span> <span class='ocrx_word' id='word_1_260' title='bbox 1282 3617 1383 3674; x_wconf 88' lang='lat' dir='ltr'><strong>bisin</strong></span> <span class='ocrx_word' id='word_1_261' title='bbox 1419 3617 1483 3687; x_wconf 60' lang='lat' dir='ltr'><strong>dis,</strong></span> <span class='ocrx_word' id='word_1_262' title='bbox 1502 3617 1606 3675; x_wconf 87' lang='lat' dir='ltr'><strong>flnctus</strong></span> 
     </span>
    </p>
   </div>
   <div class='ocr_carea' id='block_1_6' title="bbox 373 3721 1726 4632">
    <p class='ocr_par' dir='ltr' id='par_1_12' title="bbox 373 3721 1725 4218">
     <span class='ocr_line' id='line_1_30' title="bbox 373 3721 1725 3796; baseline -0.007 -12"><span class='ocrx_word' id='word_1_263' title='bbox 373 3725 537 3784; x_wconf 85' lang='lat' dir='ltr'><strong>obsorbere</strong></span> <span class='ocrx_word' id='word_1_264' title='bbox 562 3729 593 3781; x_wconf 90' lang='lat' dir='ltr'><strong>et</strong></span> <span class='ocrx_word' id='word_1_265' title='bbox 615 3742 735 3780; x_wconf 87' lang='lat' dir='ltr'><strong>rursum</strong></span> <span class='ocrx_word' id='word_1_266' title='bbox 764 3741 901 3779; x_wconf 89' lang='lat' dir='ltr'><strong>evomere</strong></span> <span class='ocrx_word' id='word_1_267' title='bbox 925 3721 1046 3791; x_wconf 87' lang='lat' dir='ltr'><strong>dicitur,</strong></span> <span class='ocrx_word' id='word_1_268' title='bbox 1072 3722 1151 3778; x_wconf 90' lang='lat' dir='ltr'><strong>sicut</strong></span> <span class='ocrx_word' id='word_1_269' title='bbox 1175 3740 1237 3796; x_wconf 78' lang='lat' dir='ltr'><strong>per</strong></span> <span class='ocrx_word' id='word_1_270' title='bbox 1261 3723 1405 3778; x_wconf 77' lang='lat' dir='ltr'><strong>universe</strong></span> <span class='ocrx_word' id='word_1_271' title='bbox 1436 3721 1491 3778; x_wconf 86' lang='lat' dir='ltr'><strong>illa</strong></span> <span class='ocrx_word' id='word_1_272' title='bbox 1523 3721 1607 3778; x_wconf 86' lang='lat' dir='ltr'><strong>litora</strong></span> <span class='ocrx_word' id='word_1_273' title='bbox 1724 3745 1725 3750; x_wconf 45' lang='lat'>¹</span> 
     </span>
     <span class='ocr_line' id='line_1_31' title="bbox 373 3823 1606 3895; baseline -0.006 -7"><span class='ocrx_word' id='word_1_274' title='bbox 373 3829 590 3889; x_wconf 80' lang='lat' dir='ltr'><strong>accedentibus</strong></span> <span class='ocrx_word' id='word_1_275' title='bbox 622 3825 646 3884; x_wconf 70' lang='grc' dir='ltr'>ἀ</span> <span class='ocrx_word' id='word_1_276' title='bbox 680 3825 896 3885; x_wconf 86' lang='lat' dir='ltr'><strong>recedentibus</strong></span> <span class='ocrx_word' id='word_1_277' title='bbox 929 3823 1083 3895; x_wconf 86' lang='lat' dir='ltr'><strong>fluctibus,</strong></span> <span class='ocrx_word' id='word_1_278' title='bbox 1119 3825 1276 3882; x_wconf 88' lang='lat' dir='ltr'><strong>celeritate</strong></span> <span class='ocrx_word' id='word_1_279' title='bbox 1307 3827 1399 3882; x_wconf 90' lang='lat' dir='ltr'><strong>nimia</strong></span> <span class='ocrx_word' id='word_1_280' title='bbox 1431 3825 1500 3883; x_wconf 85' lang='lat' dir='ltr'><strong>ficri</strong></span> <span class='ocrx_word' id='word_1_281' title='bbox 1536 3843 1606 3882; x_wconf 91' lang='lat' dir='ltr'><strong>com-</strong></span> 
     </span>
     <span class='ocr_line' id='line_1_32' title="bbox 373 3927 1607 4010; baseline -0.006 -19"><span class='ocrx_word' id='word_1_282' title='bbox 373 3933 531 4010; x_wconf 88' lang='lat' dir='ltr'><strong>probatur.</strong></span> <span class='ocrx_word' id='word_1_283' title='bbox 583 3929 766 4006; x_wconf 86' lang='lat' dir='ltr'><strong>Hujusmodi</strong></span> <span class='ocrx_word' id='word_1_284' title='bbox 787 3947 900 4003; x_wconf 81' lang='lat' dir='ltr'><strong>vorago</strong></span> <span class='ocrx_word' id='word_1_285' title='bbox 926 3929 988 3986; x_wconf 85' lang='lat' dir='ltr'><strong>sire</strong></span> <span class='ocrx_word' id='word_1_286' title='bbox 1020 3931 1138 4003; x_wconf 82' lang='lat' dir='ltr'><strong>vertigo</strong></span> <span class='ocrx_word' id='word_1_287' title='bbox 1163 3949 1180 3985; x_wconf 85' lang='lat' dir='ltr'><strong>a</strong></span> <span class='ocrx_word' id='word_1_288' title='bbox 1201 3934 1294 4003; x_wconf 88' lang='lat' dir='ltr'><strong>poeta</strong></span> <span class='ocrx_word' id='word_1_289' title='bbox 1317 3929 1443 4004; x_wconf 83' lang='lat' dir='ltr'><strong>Virgilio</strong></span> <span class='ocrx_word' id='word_1_290' title='bbox 1482 3927 1607 4000; x_wconf 80' lang='lat' dir='ltr'><strong>Charyb-</strong></span> 
     </span>
     <span class='ocr_line' id='line_1_33' title="bbox 375 4032 1608 4112; baseline -0.006 -17"><span class='ocrx_word' id='word_1_291' title='bbox 375 4037 422 4096; x_wconf 86' lang='lat' dir='ltr'><strong>dis</strong></span> <span class='ocrx_word' id='word_1_292' title='bbox 464 4035 655 4112; x_wconf 86' lang='lat' dir='ltr'><strong>appellatur‚</strong></span> <span class='ocrx_word' id='word_1_293' title='bbox 695 4053 784 4110; x_wconf 88' lang='lat' dir='ltr'><strong>qnam</strong></span> <span class='ocrx_word' id='word_1_294' title='bbox 816 4033 869 4090; x_wconf 91' lang='lat' dir='ltr'><strong>ille</strong></span> <span class='ocrx_word' id='word_1_295' title='bbox 901 4033 933 4090; x_wconf 90' lang='lat' dir='ltr'><strong>in</strong></span> <span class='ocrx_word' id='word_1_296' title='bbox 963 4033 1043 4089; x_wconf 80' lang='lat' dir='ltr'><strong>freto</strong></span> <span class='ocrx_word' id='word_1_297' title='bbox 1087 4032 1189 4090; x_wconf 84' lang='lat' dir='ltr'><strong>Siculo</strong></span> <span class='ocrx_word' id='word_1_298' title='bbox 1225 4050 1293 4090; x_wconf 89' lang='lat' dir='ltr'><strong>csse</strong></span> <span class='ocrx_word' id='word_1_299' title='bbox 1329 4051 1384 4090; x_wconf 85' lang='lat' dir='ltr'><strong>suo</strong></span> <span class='ocrx_word' id='word_1_300' title='bbox 1415 4033 1446 4090; x_wconf 92' lang='lat' dir='ltr'><strong>in</strong></span> <span class='ocrx_word' id='word_1_301' title='bbox 1482 4033 1608 4091; x_wconf 87' lang='lat' dir='ltr'><strong>carmine</strong></span> 
     </span>
     <span class='ocr_line' id='line_1_34' title="bbox 374 4139 677 4218; baseline -0.013 -19"><span class='ocrx_word' id='word_1_302' title='bbox 374 4139 511 4218; x_wconf 84' lang='lat' dir='ltr'><strong>loquitur</strong></span> <span class='ocrx_word' id='word_1_303' title='bbox 534 4147 592 4197; x_wconf 90' lang='lat' dir='ltr'><strong>etc.</strong></span> <span class='ocrx_word' id='word_1_304' title='bbox 676 4145 677 4152; x_wconf 77' lang='grc'>’</span> 
     </span>
    </p>

    <p class='ocr_par' dir='ltr' id='par_1_13' title="bbox 374 4233 1726 4632">
     <span class='ocr_line' id='line_1_35' title="bbox 464 4233 1607 4319; baseline -0.008 -16"><span class='ocrx_word' id='word_1_305' title='bbox 464 4245 510 4303; x_wconf 76' lang='lat'><strong>12.</strong></span> <span class='ocrx_word' id='word_1_306' title='bbox 555 4233 764 4319; x_wconf 82' lang='lat' dir='ltr'><strong>Longobardi]</strong></span> <span class='ocrx_word' id='word_1_307' title='bbox 789 4243 843 4300; x_wconf 85' lang='lat' dir='ltr'><strong>cir.</strong></span> <span class='ocrx_word' id='word_1_308' title='bbox 867 4241 979 4299; x_wconf 87' lang='lat' dir='ltr'><strong>Paulus</strong></span> <span class='ocrx_word' id='word_1_309' title='bbox 1002 4241 1024 4311; x_wconf 92' lang='lat'><strong>1,</strong></span> <span class='ocrx_word' id='word_1_310' title='bbox 1049 4243 1083 4298; x_wconf 81' lang='lat'><strong>9:</strong></span> <span class='ocrx_word' id='word_1_311' title='bbox 1108 4239 1230 4298; x_wconf 80' lang='lat' dir='ltr'><strong>Certum</strong></span> <span class='ocrx_word' id='word_1_312' title='bbox 1255 4246 1302 4298; x_wconf 88' lang='lat' dir='ltr'><strong>est</strong></span> <span class='ocrx_word' id='word_1_313' title='bbox 1320 4239 1552 4315; x_wconf 77' lang='lat' dir='ltr'><strong>Langobardos,</strong></span> <span class='ocrx_word' id='word_1_314' title='bbox 1574 4238 1607 4296; x_wconf 92' lang='lat' dir='ltr'><strong>ab</strong></span> 
     </span>
     <span class='ocr_line' id='line_1_36' title="bbox 374 4342 1606 4421; baseline -0.007 -13"><span class='ocrx_word' id='word_1_315' title='bbox 374 4351 497 4408; x_wconf 82' lang='lat' dir='ltr'><strong>intectae</strong></span> <span class='ocrx_word' id='word_1_316' title='bbox 520 4349 601 4407; x_wconf 83' lang='lat' dir='ltr'><strong>ferro</strong></span> <span class='ocrx_word' id='word_1_317' title='bbox 624 4347 727 4405; x_wconf 83' lang='lat' dir='ltr'><strong>barbae</strong></span> <span class='ocrx_word' id='word_1_318' title='bbox 749 4345 950 4421; x_wconf 74' lang='lat' dir='ltr'><strong>longitudine,</strong></span> <span class='ocrx_word' id='word_1_319' title='bbox 979 4365 1045 4403; x_wconf 87' lang='lat' dir='ltr'><strong>cnm</strong></span> <span class='ocrx_word' id='word_1_320' title='bbox 1078 4345 1220 4421; x_wconf 89' lang='lat' dir='ltr'><strong>primitus</strong></span> <span class='ocrx_word' id='word_1_321' title='bbox 1254 4342 1346 4405; x_wconf 90' lang='lat' dir='ltr'><strong>Uiniii</strong></span> <span class='ocrx_word' id='word_1_322' title='bbox 1383 4345 1458 4402; x_wconf 86' lang='lat' dir='ltr'><strong>dicti</strong></span> <span class='ocrx_word' id='word_1_323' title='bbox 1488 4343 1606 4410; x_wconf 86' lang='lat' dir='ltr'><strong>fuerint,</strong></span> 
     </span>
     <span class='ocr_line' id='line_1_37' title="bbox 375 4449 1726 4534; baseline -0.008 -22"><span class='ocrx_word' id='word_1_324' title='bbox 375 4456 418 4512; x_wconf 89' lang='lat' dir='ltr'><strong>ita</strong></span> <span class='ocrx_word' id='word_1_325' title='bbox 441 4453 634 4530; x_wconf 88' lang='lat' dir='ltr'><strong>postmodum</strong></span> <span class='ocrx_word' id='word_1_326' title='bbox 658 4451 841 4528; x_wconf 82' lang='lat' dir='ltr'><strong>appellatos,</strong></span> <span class='ocrx_word' id='word_1_327' title='bbox 874 4469 942 4508; x_wconf 87' lang='lat' dir='ltr'><strong>nam</strong></span> <span class='ocrx_word' id='word_1_328' title='bbox 960 4453 1049 4534; x_wconf 81' lang='lat' dir='ltr'><strong>juxta</strong></span> <span class='ocrx_word' id='word_1_329' title='bbox 1083 4449 1205 4507; x_wconf 86' lang='lat' dir='ltr'><strong>illorum</strong></span> <span class='ocrx_word' id='word_1_330' title='bbox 1240 4449 1372 4524; x_wconf 82' lang='lat' dir='ltr'><strong>lingnam</strong></span> <span class='ocrx_word' id='word_1_331' title='bbox 1395 4449 1460 4520; x_wconf 77' lang='lat' dir='ltr'><strong>larrq</strong></span> <span class='ocrx_word' id='word_1_332' title='bbox 1482 4449 1605 4522; x_wconf 78' lang='lat' dir='ltr'><strong>longam,</strong></span> <span class='ocrx_word' id='word_1_333' title='bbox 1725 4449 1726 4480; x_wconf 52' lang='lat' dir='ltr'><strong>i</strong></span> 
     </span>
     <span class='ocr_line' id='line_1_38' title="bbox 376 4555 778 4632; baseline -0.005 -14"><span class='ocrx_word' id='word_1_334' title='bbox 376 4557 449 4618; x_wconf 75' lang='lat' dir='ltr'><strong>dam</strong></span> <span class='ocrx_word' id='word_1_335' title='bbox 468 4557 594 4615; x_wconf 80' lang='lat' dir='ltr'><strong>barbona</strong></span> <span class='ocrx_word' id='word_1_336' title='bbox 618 4555 778 4632; x_wconf 78' lang='lat' dir='ltr'><strong>significat.</strong></span> 
     </span>
    </p>
   </div>
   <div class='ocr_carea' id='block_1_7' title="bbox 0 0 1781 5424">
    <p class='ocr_par' dir='ltr' id='par_1_14' title="bbox 0 0 1781 5424">
     <span class='ocr_line' id='line_1_39' title="bbox 0 0 1781 5424; baseline 0 0"><span class='ocrx_word' id='word_1_337' title='bbox 0 0 1781 5424; x_wconf 95' lang='lat' dir='ltr'><strong> </strong></span> 
     </span>
    </p>
   </div>
  </div>
 </body>
</html>
