3448 5428
1292 415 1354 484 aba

122 595 269 668 omnibus
297 591 497 680 predicebat
546 595 725 663 Nonnullos
754 595 853 661 ctiam
886 595 1119 676 predicationis
1148 598 1262 678 gratie.
1293 617 1356 681 que

122 704 318 771 dillusacrat
339 703 371 768 in
392 701 487 784 labijs
511 702 592 768 eius.
614 719 634 770 a
656 699 837 782 nephandis
856 699 1028 766 demonum
1047 700 1187 766 cultibus
1210 703 1251 768 ed
1268 704 1357 784 agni·

121 811 239 875 tionem
264 811 298 872 ct
318 806 535 873 reuerentiam
565 807 614 870 sui
642 804 799 873 creatoris
828 802 966 870 reduxit
1011 803 1170 872 Plurimos
1194 807 1294 873 otiam
1316 807 1357 872 ad

122 916 342 993 contemptum
361 909 462 976 seculi
475 912 510 976 et
523 926 664 975 amorem
677 927 818 990 superne
839 907 956 989 patrie.
970 907 1126 977 mirabilis
1139 910 1209 976 eius
1222 910 1356 978 deuotio

75 1028 89 1072 ⁵
121 1016 308 1084 medullitus
330 1013 552 1082 inflammarit.

204 1127 291 1213 Resp'
331 1128 439 1202 Itaque
463 1132 520 1186 eto.
583 1133 660 1281 ξε
683 1191 714 1253 p·
739 1171 914 1235 2342549·
943 1153 946 1160 ·

204 1253 271 1292 ocra.
315 1232 387 1290 Iesu
407 1230 487 1289 bone
511 1235 567 1290 cto.
803 1303 813 1315 .

204 1329 313 1393 Lectio
342 1349 370 1392 o.
422 1326 520 1392 Cuius
551 1327 635 1392 enim
666 1329 919 1398 obstinationem
947 1338 1005 1399 aut
1033 1333 1188 1400 duriciam
1220 1329 1356 1410 insignis

120 1434 206 1514 regis
229 1449 337 1499 sermo
360 1432 472 1497 dulcis.
497 1436 530 1497 et
556 1431 718 1514 sapientia
746 1437 909 1517 spirituali
936 1437 1062 1519 plenus.
1087 1433 1359 1516 confrangeret?

61 1547 89 1595 10
121 1537 353 1606 Uerumtamen
372 1537 404 1603 iu
428 1536 536 1604 medlo
565 1537 707 1610 nationis
738 1558 840 1620 praue
868 1546 903 1608 et
928 1559 1083 1624 peruerse
1113 1541 1253 1622 positus.
1282 1539 1359 1603 licet

121 1643 243 1710 multos
268 1647 482 1708 conuerreret.
503 1641 662 1721 plurimos
674 1647 784 1718 tamon
806 1643 949 1718 habebat
971 1645 1176 1712 aduersarios
1197 1645 1301 1708 fortes
1324 1647 1360 1708 et

97 1803 99 1810 ,
121 1751 289 1828 potentes:
313 1747 367 1828 qui
389 1744 582 1812 nobilissimi
605 1747 754 1828 martyris
776 1748 891 1816 ebriati
912 1748 1130 1830 predicationi
1152 1752 1186 1814 ct
1206 1747 1359 1829 oporibus

122 1851 252 1918 sauciis,
275 1851 356 1916 totis
379 1849 503 1916 nisibus
527 1849 714 1919 obuiobant.

208 1965 291 2038 Hesp.
335 1959 538 2020 Confluebant
560 1965 616 2020 otc.

61 2080 90 2124 15
208 2087 276 2128 vcro.
321 2065 448 2128 Conlusi
470 2067 527 2122 otc.
773 2137 775 2144 y
1362 2125 1365 2132 ‚

208 2164 317 2228 Lectio
346 2162 387 2243 ej.
440 2161 549 2226 Iustus
582 2166 691 2229 eutem
724 2167 759 2228 vt
790 2164 842 2228 loo
881 2163 1046 2232 conlidens
1080 2165 1205 2245 absque
1232 2168 1360 2228 terrore

122 2273 209 2337 erat:
233 2274 267 2334 et
288 2268 377 2334 iuxta
398 2264 580 2346 exemplum
602 2265 691 2334 beati
714 2267 780 2334 iob.
801 2285 867 2334 non
890 2270 1130 2350 expauerccbat
1151 2270 1193 2334 ad
1214 2268 1359 2332 multitu·
1424 2282 1426 2286 ·

123 2373 233 2443 dinem
261 2372 407 2437 nimiam:
434 2389 496 2435 nac
521 2369 688 2451 despectio
715 2371 968 2452 propinquorum
1001 2373 1148 2440 terrebat
1180 2391 1265 2440 cum.
1301 2391 1361 2436 nec

122 2475 367 2558 aduersantium
396 2473 491 2542 minis
517 2479 575 2539 aut
603 2474 727 2539 insidiis
756 2477 861 2542 auerti
884 2481 1057 2557 potereta
1083 2479 1266 2542 constamia
1293 2495 1367 2557 pra-

62 2596 92 2642 ao
125 2580 310 2649 dicationis.

211 2692 293 2767 serp.
337 2690 484 2750 Florebat
507 2693 564 2748 eto.

212 2816 279 2865 vap.
324 2795 490 2856 Excitabat
512 2797 570 2855 eto.

678 2035 716 2059 =
739 2032 770 2087 p.
795 2010 933 2072 235³-r
993 1993 996 2001 ’

630 2759 668 2784 =
690 2759 721 2816 p,
746 2739 922 2800 23515-18,

602 2969 645 3035 Ie
666 2969 714 3052 iij.
737 2975 898 3036 cocturae.

212 3122 267 3169 ant.
312 3111 374 3170 Neo
397 3113 605 3190 propria'eto.
631 3135 669 3157 =
692 3133 723 3188 p.
748 3111 919 3171 23520-21,

62 3229 92 3274 25
215 3225 271 3274 ont.
314 3215 401 3275 Nouo
425 3220 482 3274 eto.
506 3237 545 3262 =
569 3235 599 3292 p.
625 3210 802 3275 23523-24,

215 3329 269 3376 ant.
313 3320 536 3379 Predicetionis
559 3325 616 3378 etc.
641 3341 679 3365 =
701 3339 733 3394 p.
755 3316 929 3382 2352647.

214 3441 281 3480 vera.
326 3424 447 3500 Magna.
689 3417 692 3426 ’

216 3518 323 3583 Lectio
355 3520 408 3599 oli.
464 3519 610 3584 Gnatum
642 3518 803 3599 siquidem
833 3518 880 3584 illi
914 3523 993 3584 erat
1027 3536 1093 3584 non
1127 3517 1232 3582 solum
1267 3522 1301 3582 ut
1338 3517 1371 3580 in

129 3622 287 3688 christum
316 3623 473 3688 crederet.
501 3621 559 3686 sed
588 3623 684 3686 etiam
714 3627 749 3686 vt
773 3629 835 3704 pro
868 3622 924 3686 illo
958 3627 1141 3702 patoretur:
1175 3637 1235 3685 nec
1267 3620 1376 3684 solum

63 3743 95 3790 ao
130 3727 323 3808 temporalis
346 3727 445 3806 regni.
463 3725 616 3790 diadema
633 3731 769 3807 paratus
794 3731 865 3790 erat
884 3709 945 3808 pro
968 3725 1091 3789 christo
1115 3724 1289 3804 deponere.
1312 3723 1371 3788 sed

131 3830 232 3894 etiam
249 3835 370 3911 martyr
387 3830 429 3895 ad
444 3829 656 3912 perhennium
675 3829 809 3910 gloriam
827 3829 1018 3909 gaudiorum
1036 3827 1247 3892 desiderabat
1255 3827 1371 3892 intime

129 3933 319 4015 pertingere
341 3932 368 3996 0
391 3936 511 4012 quante
535 3931 719 3997 deuotionis
741 3932 921 4014 flagrantis,
945 3937 1149 4014 quantusque
1171 3929 1247 3996 fidei
1263 3930 1373 3995 feruor

132 4036 400 4102 excellentissimi
417 4035 558 4101 martiris
578 4036 692 4101 christi
710 4041 826 4118 pectus
846 4034 1117 4100 inflammauerat:
1139 4035 1194 4116 qui
1213 4036 1246 4099 in
1264 4036 1372 4100 medio

130 4141 276 4221 gentium
300 4131 507 4205 constitutus,
530 4157 593 4203 non
620 4140 772 4206 'cessabat
798 4145 905 4204 tumen
939 4139 1056 4203 salutis
1085 4139 1217 4204 verbum
1249 4139 1371 4204 cunctis

64 4264 96 4309 aa
131 4243 314 4325 predicare.
330 4288 335 4297 .
353 4242 528 4308 Plurimum
551 4242 691 4324 proiecit
712 4244 744 4308 in
767 4242 876 4310 breui:
899 4246 934 4308 ct
954 4242 1222 4317 innumerabilem
1240 4241 1372 4306 domino
1481 4273 1484 4280 ν

133 4345 376 4410 multitudinem
399 4346 583 4428 eequisinit.

220 4457 304 4532 Recp.
347 4457 523 4515 Dememorat
544 4461 602 4516 etc.

219 4580 288 4618 vera
331 4560 380 4634 Hij
405 4579 477 4634 ergo
501 4565 558 4618 oto„

214 4643 330 4720 'Lectio
359 4655 427 4736 eiij.
471 4655 685 4740 Confluebant
713 4661 821 4722 autem
858 4657 898 4721 ad
933 4655 1096 4740 baptisma
1135 4654 1282 4732 certatim
1316 4678 1374 4750 po·

691 4529 728 4552 =
751 4483 947 4583 paros-8.
