3524 5424
335 429 377 504 bt
592 431 595 437 '
750 433 917 496 trssrosra
943 429 1154 498 norvanum.

335 621 584 690 addentantibus
611 627 738 692 servulo
769 626 896 694 catallis
917 631 1043 712 objecto
1067 645 1160 696 secus
1182 629 1358 695 fenestram
1387 629 1499 696 relicto
1533 649 1570 696 se

336 729 428 809 quasi
454 729 582 794 domum
607 747 677 796 cum
703 732 837 814 conjuge
861 738 894 810 et
916 735 1032 799 catulis
1054 733 1100 818 [in
1123 730 1282 799 intimum¹
1304 733 1430 800 contem
1449 735 1569 800 latibu-

241 857 244 864 ·
333 829 412 910 lum,
437 833 522 898 unde
546 833 624 900 sibi’
657 836 697 901 ad
721 854 821 916 aquas
854 835 987 903 liberior
1020 843 1134 919 pateat
1166 837 1289 920 aditus3
1322 839 1395 920 plus
1424 837 1507 904 eriim
1536 841 1570 903 in

269 981 272 986 .
330 930 555 1018 lymphaticis⁸
586 957 682 1020 quam
712 941 745 1004 in
773 941 987 1007 terrestribus
1016 937 1149 1008 confidit
1172 941 1341 1008 meatibus.
1386 943 1469 1008 Dum
1491 959 1570 1007 vero

333 1059 392 1122 pro
425 1041 617 1108 hiemalibus
651 1043 812 1108 alimoniis
846 1045 1078 1127 congregandis
1111 1047 1182 1128 plus
1210 1047 1441 1126 insudaverint,
1464 1047 1568 1112 ulmos
1623 1079 1626 1086 ·

331 1147 542 1227 praegrandes
573 1147 724 1212 dentibus
754 1148 1022 1216 circumcidentes
1053 1151 1158 1232 (cujus
1183 1149 1308 1215 arboris
1329 1149 1570 1217 subere'liben-

333 1249 458 1316 tissime
498 1256 687 1331 vescuntur)
728 1253 856 1317 servulo
896 1273 956 1320 suo
976 1263 978 1268 ’
997 1253 1127 1336 supino⁴
1173 1253 1391 1321 anterioribus
1429 1253 1569 1337 pedibus

334 1353 450 1419 fustem
469 1357 597 1420 'tenenti
628 1358 874 1438 superponunt⁵‚
911 1361 1023 1440 sicque
1052 1357 1125 1423 illo⁶
1156 1377 1215 1440 pro
1245 1343 1404 1441 vectigale
1436 1365 1568 1426 utentes

333 1477 481 1540 magnam
512 1461 637 1542 copiam
661 1461 790 1525 domurn
813 1463 1016 1541 contrahunt,
1039 1461 1104 1545 ipsi
1120 1463 1245 1528 instem
1268 1463 1419 1528 rictibus'
1440 1465 1569 1545 capien-

333 1569 385 1629 tes
408 1565 569 1645 utrimque
592 1565 735 1645 baJ'ulum
759 1566 916 1630 trahendo
939 1567 1229 1632 amminiculantur.
1271 1567 1335 1631 list
1354 1569 1439 1632 enim
1462 1569 1566 1650 qnod-

333 1667 406 1732 dam
440 1669 618 1733 castorum⁸
650 1669 764 1750 genus·
783 1669 901 1735 servile
921 1665 1062 1734 minimi⁹
1093 1673 1190 1753 pretii
1226 1676 1260 1736 et
1294 1669 1334 1736 ob
1364 1670 1566 1752 frequentem
1650 1663 1656 1672 '

327 1932 329 1936 ·
400 1907 463 1962 1Μ.
480 1912 518 1963 ini
537 1912 604 1962 simis
621 1911 668 1965 cn.
711 1907 814 1968 ’Mei
834 1912 879 1962 cd.
926 1909 984 1964 3Β.
1003 1915 1141 1980 lymphatis
1160 1914 1207 1966 cd.
1252 1902 1503 1979 tretteu'sappino
1520 1915 1567 1965 Cd.

332 1994 398 2048 ⁶hd.
417 2005 565 2062 supponunt
582 1999 628 2049 Od·
679 1995 743 2048 οΜ.
761 2001 797 2048 illi
817 1999 865 2051 cd.
915 1996 979 2050 7Μ.
998 2003 1106 2052 reatibus
1125 2002 1171 2054 Cd.
1192 2001 1260 2062 (ikke
1277 2005 1384 2054 rettibua
1402 2002 1458 2063 Mb.
1502 1998 1568 2054 Ἦ.

330 2095 469 2138 castrorum
488 2085 535 2137 Od.
572 2080 685 2136 ⁹rettet.
720 2088 791 2150 nimij
812 2087 859 2138 (ld.

328 2309 498 2370 Taeuderne
522 2315 607 2370 store
629 2311 790 2369 Almetraer
819 2312 851 2368 af
878 2307 975 2382 (detta
996 2309 1082 2370 'Traes
1106 2312 1187 2370 Berk
1209 2313 1311 2386 spiser
1339 2311 1376 2369 de
1405 2305 1498 2382 hulst)
1528 2331 1569 2387 og

330 2415 444 2491 laegger
477 2416 544 2475 dem
578 2435 618 2493 op
652 2435 712 2492 paa
742 2417 787 2472 sin
818 2415 907 2487 Treel,
943 2436 1007 2474 som
1035 2417 1134 2493 ligger
1162 2436 1222 2492 paa
1243 2416 1367 2491 Ryggen
1398 2435 1437 2490 og
1459 2414 1569 2474 holder

331 2517 469 2578 Stohlren
492 2521 502 2578 i
524 2519 726 2596 Perpetem,
755 2539 795 2595 og
816 2519 882 2577 idat
904 2519 941 2597 de
966 2520 1106 2578 sauledes
1128 2507 1242 2595 bruger
1262 2519 1391 2578 Traelleu
1413 2520 1449 2577 til
1470 2521 1568 2594 Vogn‚

329 2625 466 2684 traekker
488 2625 525 2683 de
547 2625 584 2682 en
607 2629 674 2683 ster
691 2621 831 2700 Maengde
854 2625 944 2700 hjem‚
967 2625 1034 2682 idet
1056 2619 1094 2681 de
1118 2623 1205 2682 bider
1226 2627 1236 2681 i
1261 2622 1399 2682 Stokhen
1424 2640 1462 2698 og
1483 2623 1568 2697 hjael·

330 2747 386 2806 per
407 2729 561 2788 hinenden
584 2731 653 2788 med
677 2733 708 2787 at
728 2729 846 2788 trselrlre
868 2727 1010 2786 Treellen.
1137 2723 1143 2736 ⁸

417 2836 443 2892 1.
488 2824 740 2908 addentautibus]
776 2833 830 2892 eir.
857 2833 923 2890 ital.
945 2833 1093 2890 addentora
1114 2831 1196 2904 bide,
1219 2832 1276 2890 her
1306 2831 1375 2890 vel‘:¹
1406 2835 1474 2889 true
1497 2831 1567 2888 med

329 2935 497 2995 Teenderne
519 2931 595 3012 (ej).
639 2937 792 3012 Muligens
817 2938 878 3013 dog
899 2935 966 2996 Feil
987 2938 1036 2994 for
1058 2936 1303 2994 adventantibus.

415 3043 441 3098 8.
488 3034 652 3118 vectigale]
673 3045 694 3100 i.
718 3061 744 3100 e.
767 3041 906 3100 vehiculo
931 3035 999 3113 (bt).

318 3145 322 3152 '
415 3145 464 3202 11.
511 3146 662 3221 quoddam
685 3136 796 3221 genus]
816 3147 881 3203 sml.
904 3145 1037 3204 Annales
1049 3143 1231 3202 Lundenses
1254 3137 1414 3218 (Nordalb.
1435 3133 1565 3202 Studien

330 3249 364 3320 V,
384 3244 450 3319 26):
473 3249 552 3306 vidit
572 3247 748 3326 lymhiieros
771 3253 835 3306 tres
855 3235 943 3324 ligna¹
963 3249 1152 3324 colligentes,
1177 3258 1303 3322 quorum
1326 3267 1405 3305 unus
1429 3249 1480 3322 qui
1503 3267 1567 3304 ser·

329 3371 385 3412 vus
409 3350 530 3426 dicitur,
555 3373 596 3410 so.
620 3353 915 3427 Byaewaerthrael,
945 3355 1080 3411 extensis
1102 3351 1234 3427 pedibus
1258 3351 1421 3427 resupinus
1444 3352 1483 3409 ad
1504 3355 1569 3408 ter·

329 3477 392 3516 ram
416 3455 536 3529 cecidit,
568 3459 615 3515 cui
647 3457 693 3514 illi
724 3457 784 3516 duo
816 3459 897 3516 inter
925 3476 1015 3514 crura
1037 3457 1102 3530 ejus
1125 3457 1208 3530 ligna
1229 3461 1399 3530 congerunt
1419 3456 1567 3530 illumque

330 3565 417 3639 quasi
450 3563 545 3620 boves
573 3562 784 3638 precedentes
812 3566 978 3620 traxerunt.
1032 3561 1104 3619 Sml.
1127 3578 1222 3634 ogsaa
1251 3559 1395 3618 hibertus
1424 3547 1567 3636 Magnus,

330 3667 367 3724 de
392 3671 511 3725 castore
536 3661 587 3736 (de
610 3665 799 3724 Animalibus
820 3666 872 3723 lib.
896 3663 990 3737 XXII,
1012 3669 1101 3723 tract.
1123 3663 1163 3735 ΙΙ,
1187 3681 1253 3738 cap.
1280 3657 1327 3732 1):
1351 3663 1435 3722 'Hoc
1454 3666 1594 3746 animal-

330 3771 421 3830 dente
445 3771 551 3845 dejicit
577 3771 650 3826 satis
678 3774 859 3828 mensuratae
889 3769 1067 3845 quantitatis
1098 3768 1223 3826 arbores
1253 3773 1284 3825 et
1306 3785 1392 3826 casas
1416 3771 1568 3828 construit

327 3867 358 3932 in
383 3877 459 3950 ripis
479 3891 626 3948 aquarum
649 3878 719 3931 ante
744 3878 831 3932 antra
852 3875 883 3931 in
906 3873 1016 3948 quibus
1038 3872 1174 3931 habitat:
1210 3890 1286 3946 quas
1315 3873 1404 3930 etiem
1433 3873 1579 3946 bicame-⁴

327 3982 411 4036 rates
433 3977 482 4036 vel
505 3979 715 4035 tricameratas
740 3997 806 4035 cum
829 3978 951 4036 solariis
973 3979 1056 4048 iacit,
1079 3981 1115 4033 ut
1138 3977 1295 4033 crescente
1315 3975 1568 4050 aqua‘aacendat

327 4081 376 4140 vel
404 4081 580 4140 descendat.
632 4081 833 4156 Compertans
868 4086 968 4140 autem
999 4081 1083 4156 ligna
1115 4079 1152 4136 ad
1186 4077 1361 4154 hujusmodi
1393 4076 1566 4138 structuras

328 4184 443 4243 dicitnr
462 4187 643 4261 peregrinos
673 4191 810 4258 castores
841 4185 880 4244 ad
906 4187 1083 4244 servitutem
1106 4183 1245 4258 redigere
1270 4187 1301 4239 et
1322 4184 1487 4258 resupinos
1510 4185 1567 4242 im·

324 4291 438 4363 positis
460 4291 542 4347 inter
564 4306 652 4346 arura
671 4289 763 4364 lignis
776 4294 1025 4364 ‘superventram
1046 4287 1209 4362 diligenter
1231 4288 1346 4362 aptatis
1366 4307 1423 4360 per
1437 4287 1567 4346 caudam

328 4393 367 4450 ad
388 4394 488 4451 locum
511 4391 630 4452 aedificii
652 4393 775 4450 trahere
804 4393 900 4451 etsie
924 4393 1028 4452 domos
1051 4395 1201 4450 extruere.
1248 4389 1319 4448 Sml.
1353 4390 1490 4448 desudem
1513 4391 1567 4450 Gi·

327 4496 406 4554 raldi
428 4496 621 4556 cambrensis
644 4495 861 4573 Topographia
881 4496 1033 4554 Hiberniae
1055 4497 1079 4567 I,
1100 4495 1242 4554 25-'262
1277 4493 1406 4565 Quidam
1428 4496 1507 4552 enim
1524 4510 1568 4554 ‘ex

325 4599 373 4658 his
397 4594 442 4670 (ot
464 4597 557 4672 taxis)
581 4603 697 4658 naturae
710 4602 849 4676 'imperio
869 4603 984 4659 servire
1002 4601 1112 4676 parati,
1134 4603 1248 4655 terram
1270 4598 1307 4656 ab
1331 4596 1398 4657 aliis
1421 4594 1569 4658 effossam

325 4705 484 4779 ventrique
506 4705 616 4780 supino
638 4703 813 4780 impositam
837 4705 968 4779 quatuor
990 4703 1121 4778 pedibus
1147 4701 1394 4782 complectentes,
1416 4703 1568 4780 lignoque
1634 4735 1641 4745 ·
