3496 5424
365 419 460 479 euua
478 418 611 480 sarcre
628 419 744 482 onam
759 427 864 482 annm
879 429 927 481 nu
942 424 1136 482 manarum
1313 426 1371 493 141

132 607 331 673 mundarent„
375 608 522 690 eumque
546 613 630 688 [illua
652 611 873 688 adventassem,
892 615 930 674 ut
947 628 1021 675 eum
1041 611 1263 690 sustollerent,
1283 611 1370 676 tilius

130 711 202 790 eius
215 713 364 776 ascendit
385 713 544 792 arborem,
568 713 618 777 cui
642 729 822 794 suspensus
842 714 1043 790 adhaerabat,
1072 732 1144 795 qum
1168 733 1208 780 ex
1230 715 1371 796 quodam

132 817 355 896 promunturia
376 818 442 882 alte
465 817 529 882 tina
548 819 718 894 manebam
742 817 833 898 c'ujns
856 819 1076 884 summitatem
1099 837 1171 886 aum
1194 821 1375 900 pradictus

128 921 254 1002 juvenis
277 921 437 1002 serpendo
463 924 650 1001 attingeret,
671 921 797 986 vibratu
817 923 884 987 ictu
906 923 1055 1005 ligamen,
1079 942 1142 1005 quo
1165 926 1371 990 sustentaba-

85 1032 98 1078 t
132 1031 191 1102 tur,
212 1025 372 1106 pnmtiditr
418 1025 511 1102 Quod
534 1027 608 1090 dum
631 1025 734 1104 fieret,
764 1043 881 1106 carpus
905 1028 1091 1092 miserabile
1114 1030 1146 1092 iu
1169 1029 1235 1092 tale
1258 1029 1372 1109 praeci-

130 1130 244 1210 pitiam
279 1129 393 1209 tendit,
426 1136 462 1194 ut
492 1130 597 1210 magis
631 1131 834 1196 membratim
866 1130 1056 1196 crederetur
1078 1132 1249 1196 comminui
1272 1151 1374 1214 quem

131 1236 227 1298 etiam
257 1235 376 1298 virenti
405 1235 496 1300 salue
522 1249 620 1327 posse
650 1236 784 1316 sperari.
834 1235 897 1300 Sed
928 1253 1102 1302 ueccusus
1126 1237 1374 1317 asperrumum

130 1339 305 1404 eminentia
327 1339 452 1420 scapuli
476 1345 607 1419 poterat
628 1340 954 1420 interamnanam,
987 1341 1039 1404 cui·
1059 1356 1118 1420 pun
1137 1342 1265 1422 justitia
1288 1361 1369 1408 mer-

129 1444 207 1524 tyris
230 1444 384 1508 meritum
405 1444 561 1523 praestitit
579 1445 741 1525 juvamen.
794 1443 856 1520 Qui
876 1444 991 1509 statim
1014 1446 1106 1526 quasi
1129 1446 1295 1511 resolutus
1315 1465 1375 1511 soa.

70 1561 99 1606 ru
129 1565 207 1628 pure
229 1547 363 1626 resedit,
386 1548 542 1612 visionem
565 1547 654 1612 velut
673 1549 830 1614 samnium
843 1549 1019 1640 ¹recolens,
1044 1568 1116 1614 cum
1136 1557 1245 1616 autem
1267 1551 1371 1616 disce·

130 1653 226 1718 deute
250 1651 361 1732 algore
383 1653 474 1730 vigor
499 1652 653 1716 membris
676 1659 880 1718 accresceret
902 1659 936 1718 et
958 1661 1126 1736 resumpto
1149 1655 1265 1736 spiritu
1288 1675 1369 1737 pau-

127 1757 220 1822 lalim
242 1756 495 1836 convalesceret,
519 1756 558 1821 ad
589 1758 693 1822 sancti
723 1759 875 1840 martyris
901 1758 1012 1823 limina
1034 1777 1174 1841 prspere
1197 1761 1312 1839 tendit,
1336 1766 1370 1825 et

129 1881 195 1926 rem
217 1847 320 1943 penes
343 1879 380 1926 ee
403 1867 528 1940 gestam
551 1866 587 1926 et
607 1861 781 1926 multorum
802 1863 990 1928 testimonio
1007 1865 1220 1945 approbatam
1242 1867 1284 1932 nd
1299 1866 1369 1929 lau·

129 1966 200 2030 deun
223 1966 339 2052 deiex
362 1965 475 2030 urdine
498 1967 567 2047 ejus
588 1966 653 2030 luci
677 1966 921 2048 archiepiscope
944 1974 978 2032 et
999 1967 1335 2051 iratribuscxpusuit.

70 2081 98 2126 1⁵
212 2055 258 2136 xi.
304 2069 450 2150 Contigit
464 2071 604 2151 quedam
617 2075 766 2152 tempure
789 2072 962 2151 civitatem,
986 2072 1018 2136 iu
1042 2091 1105 2154 qua
1128 2080 1261 2140 sauctus
1284 2093 1366 2140 mar-

128 2178 178 2256 tyr
206 2175 395 2256 requiescit,
430 2175 639 2240 uehementer
661 2175 802 2255 accendi,
838 2176 924 2240 unde
958 2176 998 2240 ad
1028 2177 1234 2242 muniendam
1262 2180 1366 2260 ipsum
1432 2203 1436 2212 ·

128 2278 299 2355 ecclesiam
323 2297 441 2359 cerpus
465 2279 615 2360 martyris
637 2295 696 2360 pra
721 2298 811 2346 muru
834 2280 963 2360 ignibus
986 2287 1163 2361 opponunt.
1216 2284 1368 2350 Accessit

127 2389 235 2449 autem
256 2383 385 2463 quidam
407 2384 487 2449 eatis
511 2385 703 2447 temerarius
728 2388 762 2449 et
780 2384 933 2448 scrinium
952 2387 1101 2466 martyris
1121 2387 1230 2467 coepit
1251 2387 1365 2452 verbe·

125 2507 196 2552 rare
220 2488 325 2552 minas
348 2483 524 2567 inferendo,
560 2485 644 2568 quod
679 2492 783 2552 totum
814 2484 909 2552 simul
942 2489 1091 2554 incendio
1115 2491 1365 2570 relinquendum

68 2597 96 2643 2⁰
128 2598 224 2670 esset,
249 2592 311 2656 nisi
333 2592 463 2656 solitum
487 2597 686 2658 monstraret
707 2589 898 2656 beneficium
923 2598 956 2656 et
978 2593 1148 2658 ecclesiam
1172 2611 1244 2658 curu
1265 2595 1366 2658 domi-

125 2697 187 2762 bue
219 2697 329 2762 adhuc
357 2696 468 2762 illesis
503 2697 572 2762 suin
605 2697 807 2762 orationibus
841 2698 1032 2762 custodiret.
1077 2697 1226 2764 Ecclesia
1257 2706 1364 2766 auteur
1474 2697 1476 2702 ’

125 2802 248 2866 intacta
268 2801 455 2881 permansit,
486 2802 542 2864 sed
567 2802 616 2865 vir
636 2801 691 2865 ille
714 2806 811 2866 nocte
834 2803 984 2883 sequenti
1007 2803 1096 2882 gravi
1119 2803 1286 2868 oculorum
1310 2804 1366 2868 do·

124 2907 193 2975 lure
216 2909 406 2985 correptae,
428 2906 560 2972 tandem
589 2907 621 2970 iu
646 2906 784 2970 ecclesia
806 2908 908 2972 sancti
932 2908 1082 2988 martyris
1103 2907 1256 2988 precibus
1277 2908 1365 2973 salu-

126 3015 191 3076 tem
214 3009 350 3090 recepit.

196 3654 201 3682 ¹
225 3656 309 3705 indsat
327 3655 390 3704 ester
408 3655 473 3704 Hom
496 3650 579 3708 l‘llffl:
598 3655 669 3705 sidau
686 3654 738 3722 pau
756 3671 829 3704 como
846 3654 944 3722 pingat.
972 3657 1034 3717 mgl.
1054 3657 1128 3706 Brev.

211 3860 259 3916 14.
302 3851 463 3934 iratribus]
487 3868 519 3905 ⁰²
542 3859 705 3920 Prosternc
728 3859 786 3918 ved
814 3861 1013 3932 Domkirlecm
1051 3861 1106 3920 dee
1137 3879 1192 3922 var
1225 3865 1363 3922 canonici

125 3963 287 4020 seculares
311 3957 444 4038 (Lange's
468 3963 721 4023 Klosterhistorie
746 3964 774 4022 S.
801 3959 866 4039 22).

210 4057 263 4140 xl]
291 4067 380 4127 Horu,
413 4069 473 4125 lte
499 4063 569 4140 (xm),
602 4069 661 4144 leg.
687 4069 766 4144 Saga
790 4072 858 4139 112,
890 4070 937 4130 Su.
965 4071 1038 4146 Leg.
1068 4071 1141 4143 872,
1173 4071 1263 4130 fleur.
1301 4073 1360 4130 656

126 4148 301 4246 (dlafssaga
323 4192 351 4228 ca
369 4173 440 4242 273,
460 4172 495 4230 af
517 4171 628 4232 Snorre
652 4173 775 4240 henfdrt
796 4175 833 4232 til
855 4174 930 4234 Olav
950 4176 1058 4250 kyrres
1081 4172 1160 4247 Tid).

171 4273 173 4278 ’
208 4271 277 4346 llll]
312 4275 367 4334 0m
400 4275 458 4336 dan
494 4276 609 4336 denelae
635 4267 740 4341 'Maud
774 4297 840 4338 snm
866 4279 1027 4340 Venderue
1054 4280 1196 4354 fungeris,
1232 4298 1266 4337 er
1298 4280 1363 4340 lruu

123 4375 250 4437 hanniel
281 4399 341 4456 pas
365 4379 533 4439 Olducrskl
577 4381 663 4442 Ham.
694 4382 835 4442 158-tl
861 4377 944 4456 (xm),
972 4384 1031 4460 lag.
1061 4384 1141 4460 Saga
1171 4386 1238 4454 113,
1269 4384 1360 4444 Hskr.

126 4483 269 4542 ear-ua
299 4463 475 4560 (traseae
507 4505 534 4544 ι.
563 4487 633 4558 ara,
664 4488 697 4546 ur
729 4487 841 4548 suam
874 4489 998 4555 merae
1029 4489 1066 4548 ur
1101 4489 1213 4564 sagara
1244 4489 1362 4548 aornar-

125 4585 212 4644 raa*
229 4583 312 4661 rra),
1170 4657 1172 4659 ,

153 4687 168 4697 “
208 4687 290 4765 XllI]
325 4692 381 4752 Om
412 4693 471 4754 deu
504 4695 689 4773 epileptieka
722 4695 841 4758 Ktiirde
874 4715 910 4756 er
940 4697 1002 4758 kun
1035 4696 1162 4758 bauarst
1190 4707 1256 4774 'pac
1287 4697 1359 4764 Old.-
