<?xml version="1.0" encoding="UTF-8"?>
<!DOCTYPE html PUBLIC "-//W3C//DTD XHTML 1.0 Transitional//EN"
    "http://www.w3.org/TR/xhtml1/DTD/xhtml1-transitional.dtd">
<html xmlns="http://www.w3.org/1999/xhtml" xml:lang="en" lang="en">
 <head>
  <title>
</title>
<meta http-equiv="Content-Type" content="text/html;charset=utf-8" />
  <meta name='ocr-system' content='tesseract 3.04.00' />
  <meta name='ocr-capabilities' content='ocr_page ocr_carea ocr_par ocr_line ocrx_word'/>
</head>
<body>
  <div class='ocr_page' id='page_1' title='image "./monumentahistor00storgoog/monumentahistor00storgoog_0093.png"; bbox 0 0 3524 5424; ppageno 0'>
   <div class='ocr_carea' id='block_1_1' title="bbox 289 387 1379 454">
    <p class='ocr_par' dir='ltr' id='par_1_1' title="bbox 289 387 1379 454">
     <span class='ocr_line' id='line_1_1' title="bbox 289 387 1379 454; baseline -0.005 -10"><span class='ocrx_word' id='word_1_1' title='bbox 289 391 455 444; x_wconf 79' lang='lat' dir='ltr'><strong>meroem</strong></span> <span class='ocrx_word' id='word_1_2' title='bbox 472 391 521 442; x_wconf 81' lang='lat' dir='ltr'><strong>om</strong></span> <span class='ocrx_word' id='word_1_3' title='bbox 538 389 776 450; x_wconf 75' lang='lat' dir='ltr'><strong>anuromrnrn</strong></span> <span class='ocrx_word' id='word_1_4' title='bbox 792 389 917 442; x_wconf 81' lang='lat' dir='ltr'><strong>nasum</strong></span> <span class='ocrx_word' id='word_1_5' title='bbox 940 387 1253 442; x_wconf 80' lang='lat' dir='ltr'><strong>nonwaomssrou.</strong></span> <span class='ocrx_word' id='word_1_6' title='bbox 1342 391 1379 454; x_wconf 77' lang='lat' dir='ltr'><strong>ri</strong></span> 
     </span>
    </p>
   </div>
   <div class='ocr_carea' id='block_1_2' title="bbox 76 573 1383 1596">
    <p class='ocr_par' dir='ltr' id='par_1_2' title="bbox 76 573 1383 1596">
     <span class='ocr_line' id='line_1_2' title="bbox 138 573 1382 660; baseline -0.005 -16"><span class='ocrx_word' id='word_1_7' title='bbox 138 579 216 660; x_wconf 82' lang='lat' dir='ltr'><strong>regi,</strong></span> <span class='ocrx_word' id='word_1_8' title='bbox 240 577 268 642; x_wconf 93' lang='lat' dir='ltr'><strong>si</strong></span> <span class='ocrx_word' id='word_1_9' title='bbox 291 594 364 642; x_wconf 88' lang='lat' dir='ltr'><strong>aum</strong></span> <span class='ocrx_word' id='word_1_10' title='bbox 387 577 428 640; x_wconf 89' lang='lat' dir='ltr'><strong>nd</strong></span> <span class='ocrx_word' id='word_1_11' title='bbox 452 576 726 642; x_wconf 77' lang='lat' dir='ltr'><strong>christianismum</strong></span> <span class='ocrx_word' id='word_1_12' title='bbox 751 593 815 640; x_wconf 89' lang='lat' dir='ltr'><strong>non</strong></span> <span class='ocrx_word' id='word_1_13' title='bbox 840 579 989 656; x_wconf 61' lang='lat' dir='ltr'><strong>cogerem</strong></span> <span class='ocrx_word' id='word_1_14' title='bbox 1022 591 1159 654; x_wconf 90' lang='lat' dir='ltr'><strong>cumque</strong></span> <span class='ocrx_word' id='word_1_15' title='bbox 1193 573 1248 638; x_wconf 88' lang='lat' dir='ltr'><strong>din</strong></span> <span class='ocrx_word' id='word_1_16' title='bbox 1278 573 1382 638; x_wconf 85' lang='lat' dir='ltr'><strong>reluc-</strong></span> 
     </span>
     <span class='ocr_line' id='line_1_3' title="bbox 139 677 1381 763; baseline -0.003 -17"><span class='ocrx_word' id='word_1_17' title='bbox 139 686 273 760; x_wconf 88' lang='lat' dir='ltr'><strong>taretur,</strong></span> <span class='ocrx_word' id='word_1_18' title='bbox 297 681 401 748; x_wconf 79' lang='lat' dir='ltr'><strong>fertur</strong></span> <span class='ocrx_word' id='word_1_19' title='bbox 421 681 508 763; x_wconf 84' lang='lat' dir='ltr'><strong>quod</strong></span> <span class='ocrx_word' id='word_1_20' title='bbox 522 679 643 745; x_wconf 84' lang='lat' dir='ltr'><strong>Oleros</strong></span> <span class='ocrx_word' id='word_1_21' title='bbox 655 680 801 762; x_wconf 85' lang='lat' dir='ltr'><strong>rapuerit</strong></span> <span class='ocrx_word' id='word_1_22' title='bbox 812 677 913 743; x_wconf 89' lang='lat' dir='ltr'><strong>filium</strong></span> <span class='ocrx_word' id='word_1_23' title='bbox 926 679 998 758; x_wconf 86' lang='lat' dir='ltr'><strong>ejus</strong></span> <span class='ocrx_word' id='word_1_24' title='bbox 1022 677 1062 742; x_wconf 91' lang='lat' dir='ltr'><strong>de</strong></span> <span class='ocrx_word' id='word_1_25' title='bbox 1084 677 1168 756; x_wconf 92' lang='lat' dir='ltr'><strong>loco,</strong></span> <span class='ocrx_word' id='word_1_26' title='bbox 1179 677 1235 742; x_wconf 92' lang='lat' dir='ltr'><strong>ubi</strong></span> <span class='ocrx_word' id='word_1_27' title='bbox 1259 679 1381 742; x_wconf 86' lang='lat' dir='ltr'><strong>nutrie-</strong></span> 
     </span>
     <span class='ocr_line' id='line_1_4' title="bbox 137 781 1380 868; baseline -0.001 -16"><span class='ocrx_word' id='word_1_28' title='bbox 137 787 243 866; x_wconf 88' lang='lat' dir='ltr'><strong>batur,</strong></span> <span class='ocrx_word' id='word_1_29' title='bbox 267 785 439 868; x_wconf 85' lang='lat' dir='ltr'><strong>puerulum</strong></span> <span class='ocrx_word' id='word_1_30' title='bbox 458 803 616 849; x_wconf 86' lang='lat' dir='ltr'><strong>annorum</strong></span> <span class='ocrx_word' id='word_1_31' title='bbox 645 784 751 862; x_wconf 87' lang='lat' dir='ltr'><strong>trium,</strong></span> <span class='ocrx_word' id='word_1_32' title='bbox 785 782 916 849; x_wconf 87' lang='lat' dir='ltr'><strong>Thordu</strong></span> <span class='ocrx_word' id='word_1_33' title='bbox 951 781 1091 860; x_wconf 83' lang='lat' dir='ltr'><strong>nomino,</strong></span> <span class='ocrx_word' id='word_1_34' title='bbox 1130 785 1320 850; x_wconf 86' lang='lat' dir='ltr'><strong>contestans</strong></span> <span class='ocrx_word' id='word_1_35' title='bbox 1343 803 1380 851; x_wconf 85' lang='lat' dir='ltr'><strong>sc</strong></span> 
     </span>
     <span class='ocr_line' id='line_1_5' title="bbox 140 885 1380 970; baseline -0.005 -14"><span class='ocrx_word' id='word_1_36' title='bbox 140 909 211 956; x_wconf 91' lang='lat' dir='ltr'><strong>eum</strong></span> <span class='ocrx_word' id='word_1_37' title='bbox 236 890 476 958; x_wconf 87' lang='lat' dir='ltr'><strong>immolaturum</strong></span> <span class='ocrx_word' id='word_1_38' title='bbox 499 889 532 953; x_wconf 91' lang='lat' dir='ltr'><strong>in</strong></span> <span class='ocrx_word' id='word_1_39' title='bbox 552 893 731 969; x_wconf 88' lang='lat' dir='ltr'><strong>conspectu</strong></span> <span class='ocrx_word' id='word_1_40' title='bbox 754 887 880 970; x_wconf 83' lang='lat' dir='ltr'><strong>pa[tria,</strong></span> <span class='ocrx_word' id='word_1_41' title='bbox 914 886 1049 968; x_wconf 81' lang='lat' dir='ltr'>insuper</span> <span class='ocrx_word' id='word_1_42' title='bbox 1082 891 1117 950; x_wconf 91' lang='lat' dir='ltr'><strong>et</strong></span> <span class='ocrx_word' id='word_1_43' title='bbox 1144 886 1240 966; x_wconf 78' lang='lat' dir='ltr'><strong>juges</strong></span> <span class='ocrx_word' id='word_1_44' title='bbox 1274 885 1380 952; x_wconf 87' lang='lat' dir='ltr'><strong>intan-</strong></span> 
     </span>
     <span class='ocr_line' id='line_1_6' title="bbox 93 989 1383 1072; baseline -0.006 -8"><span class='ocrx_word' id='word_1_45' title='bbox 93 1019 106 1064; x_wconf 85' lang='lat' dir='ltr'><strong>s</strong></span> <span class='ocrx_word' id='word_1_46' title='bbox 138 1000 212 1060; x_wconf 85' lang='lat' dir='ltr'><strong>tuns</strong></span> <span class='ocrx_word' id='word_1_47' title='bbox 254 994 450 1072; x_wconf 85' lang='lat' dir='ltr'><strong>iuimicitias,</strong></span> <span class='ocrx_word' id='word_1_48' title='bbox 482 993 545 1057; x_wconf 87' lang='lat' dir='ltr'><strong>uisi</strong></span> <span class='ocrx_word' id='word_1_49' title='bbox 579 1009 749 1058; x_wconf 78' lang='lat' dir='ltr'><strong>assensum</strong></span> <span class='ocrx_word' id='word_1_50' title='bbox 782 991 953 1072; x_wconf 77' lang='lat' dir='ltr'><strong>praebeat.</strong></span> <span class='ocrx_word' id='word_1_51' title='bbox 1015 989 1133 1056; x_wconf 86' lang='lat' dir='ltr'><strong>(lomes</strong></span> <span class='ocrx_word' id='word_1_52' title='bbox 1163 1008 1249 1068; x_wconf 84' lang='lat' dir='ltr'><strong>vero,</strong></span> <span class='ocrx_word' id='word_1_53' title='bbox 1289 991 1383 1072; x_wconf 83' lang='lat' dir='ltr'><strong>juxta</strong></span> 
     </span>
     <span class='ocr_line' id='line_1_7' title="bbox 137 1095 1383 1180; baseline -0.002 -18"><span class='ocrx_word' id='word_1_54' title='bbox 137 1098 216 1163; x_wconf 92' lang='lat' dir='ltr'><strong>illud</strong></span> <span class='ocrx_word' id='word_1_55' title='bbox 235 1099 323 1180; x_wconf 85' lang='lat' dir='ltr'><strong>quod</strong></span> <span class='ocrx_word' id='word_1_56' title='bbox 342 1099 497 1179; x_wconf 86' lang='lat' dir='ltr'><strong>scriptum</strong></span> <span class='ocrx_word' id='word_1_57' title='bbox 521 1103 588 1163; x_wconf 89' lang='lat' dir='ltr'><strong>est:</strong></span> <span class='ocrx_word' id='word_1_58' title='bbox 621 1096 752 1178; x_wconf 86' lang='lat' dir='ltr'><strong>Imple</strong></span> <span class='ocrx_word' id='word_1_59' title='bbox 770 1095 904 1161; x_wconf 86' lang='lat' dir='ltr'><strong>iacies</strong></span> <span class='ocrx_word' id='word_1_60' title='bbox 924 1113 1059 1160; x_wconf 91' lang='lat' dir='ltr'><strong>eorum</strong></span> <span class='ocrx_word' id='word_1_61' title='bbox 1082 1095 1317 1176; x_wconf 80' lang='lat' dir='ltr'><strong>ignominia,</strong></span> <span class='ocrx_word' id='word_1_62' title='bbox 1340 1101 1383 1161; x_wconf 85' lang='lat' dir='ltr'><strong>et</strong></span> 
     </span>
     <span class='ocr_line' id='line_1_8' title="bbox 139 1199 1382 1290; baseline -0.002 -22"><span class='ocrx_word' id='word_1_63' title='bbox 139 1209 324 1285; x_wconf 75' lang='lat' dir='ltr'><strong>querant</strong></span> <span class='ocrx_word' id='word_1_64' title='bbox 344 1219 487 1290; x_wconf 86' lang='lat' dir='ltr'><strong>nomen</strong></span> <span class='ocrx_word' id='word_1_65' title='bbox 510 1202 815 1280; x_wconf 80' lang='lat' dir='ltr'><strong>tuumDomiua,</strong></span> <span class='ocrx_word' id='word_1_66' title='bbox 839 1200 964 1266; x_wconf 76' lang='lat' dir='ltr'><strong>veritus</strong></span> <span class='ocrx_word' id='word_1_67' title='bbox 979 1205 1163 1281; x_wconf 81' lang='lat' dir='ltr'><strong>utrumque,</strong></span> <span class='ocrx_word' id='word_1_68' title='bbox 1187 1206 1220 1266; x_wconf 86' lang='lat' dir='ltr'><strong>et</strong></span> <span class='ocrx_word' id='word_1_69' title='bbox 1238 1199 1382 1282; x_wconf 76' lang='lat' dir='ltr'><strong>iustissi-</strong></span> 
     </span>
     <span class='ocr_line' id='line_1_9' title="bbox 138 1303 1381 1385; baseline -0.002 -12"><span class='ocrx_word' id='word_1_70' title='bbox 138 1325 223 1373; x_wconf 91' lang='lat' dir='ltr'><strong>mam</strong></span> <span class='ocrx_word' id='word_1_71' title='bbox 243 1307 428 1372; x_wconf 84' lang='lat' dir='ltr'><strong>Olariiram</strong></span> <span class='ocrx_word' id='word_1_72' title='bbox 452 1311 486 1372; x_wconf 88' lang='lat' dir='ltr'><strong>et</strong></span> <span class='ocrx_word' id='word_1_73' title='bbox 507 1304 565 1370; x_wconf 90' lang='lat' dir='ltr'><strong>lilii</strong></span> <span class='ocrx_word' id='word_1_74' title='bbox 588 1305 765 1385; x_wconf 88' lang='lat' dir='ltr'><strong>interitum,</strong></span> <span class='ocrx_word' id='word_1_75' title='bbox 780 1303 942 1370; x_wconf 88' lang='lat' dir='ltr'><strong>credendo</strong></span> <span class='ocrx_word' id='word_1_76' title='bbox 954 1303 1005 1369; x_wconf 84' lang='lat' dir='ltr'><strong>rel</strong></span> <span class='ocrx_word' id='word_1_77' title='bbox 1022 1304 1132 1385; x_wconf 91' lang='lat' dir='ltr'><strong>potius</strong></span> <span class='ocrx_word' id='word_1_78' title='bbox 1145 1305 1381 1370; x_wconf 82' lang='lat' dir='ltr'><strong>consentiendo</strong></span> 
     </span>
     <span class='ocr_line' id='line_1_10' title="bbox 137 1408 1381 1494; baseline -0.002 -17"><span class='ocrx_word' id='word_1_79' title='bbox 137 1412 326 1494; x_wconf 85' lang='lat' dir='ltr'><strong>baptizatus</strong></span> <span class='ocrx_word' id='word_1_80' title='bbox 349 1416 399 1476; x_wconf 89' lang='lat' dir='ltr'><strong>est</strong></span> <span class='ocrx_word' id='word_1_81' title='bbox 423 1429 494 1476; x_wconf 89' lang='lat' dir='ltr'><strong>cnm</strong></span> <span class='ocrx_word' id='word_1_82' title='bbox 518 1411 604 1476; x_wconf 92' lang='lat' dir='ltr'><strong>omni</strong></span> <span class='ocrx_word' id='word_1_83' title='bbox 628 1409 752 1491; x_wconf 93' lang='lat' dir='ltr'><strong>populo</strong></span> <span class='ocrx_word' id='word_1_84' title='bbox 775 1408 840 1474; x_wconf 87' lang='lat' dir='ltr'><strong>sibi</strong></span> <span class='ocrx_word' id='word_1_85' title='bbox 859 1408 1022 1489; x_wconf 84' lang='lat' dir='ltr'><strong>subject03</strong></span> <span class='ocrx_word' id='word_1_86' title='bbox 1053 1409 1108 1490; x_wconf 89' lang='lat' dir='ltr'><strong>qui</strong></span> <span class='ocrx_word' id='word_1_87' title='bbox 1132 1413 1250 1490; x_wconf 88' lang='lat' dir='ltr'><strong>postea</strong></span> <span class='ocrx_word' id='word_1_88' title='bbox 1272 1414 1381 1476; x_wconf 87' lang='lat' dir='ltr'><strong>tamen</strong></span> 
     </span>
     <span class='ocr_line' id='line_1_11' title="bbox 76 1510 1353 1596; baseline -0.004 -11"><span class='ocrx_word' id='word_1_89' title='bbox 76 1541 104 1585; x_wconf 84' lang='grc' dir='ltr'><strong>ιο</strong></span> <span class='ocrx_word' id='word_1_90' title='bbox 136 1517 170 1581; x_wconf 91' lang='lat' dir='ltr'><strong>in</strong></span> <span class='ocrx_word' id='word_1_91' title='bbox 193 1513 258 1582; x_wconf 85' lang='lat' dir='ltr'><strong>fide</strong></span> <span class='ocrx_word' id='word_1_92' title='bbox 281 1514 488 1580; x_wconf 85' lang='lat' dir='ltr'><strong>confirmatus</strong></span> <span class='ocrx_word' id='word_1_93' title='bbox 502 1510 616 1580; x_wconf 84' lang='lat' dir='ltr'><strong>&#39;fidelia</strong></span> <span class='ocrx_word' id='word_1_94' title='bbox 637 1513 819 1595; x_wconf 81' lang='lat' dir='ltr'><strong>permansit</strong></span> <span class='ocrx_word' id='word_1_95' title='bbox 842 1517 876 1578; x_wconf 84' lang='lat' dir='ltr'><strong>et</strong></span> <span class='ocrx_word' id='word_1_96' title='bbox 899 1527 1010 1576; x_wconf 87' lang='lat' dir='ltr'><strong>omnes</strong></span> <span class='ocrx_word' id='word_1_97' title='bbox 1035 1515 1105 1596; x_wconf 90' lang='lat' dir='ltr'><strong>ejus</strong></span> <span class='ocrx_word' id='word_1_98' title='bbox 1128 1531 1353 1580; x_wconf 87' lang='lat' dir='ltr'><strong>successores.</strong></span> 
     </span>
    </p>
   </div>
   <div class='ocr_carea' id='block_1_3' title="bbox 156 1695 1359 1781">
    <p class='ocr_par' dir='ltr' id='par_1_3' title="bbox 156 1695 1359 1781">
     <span class='ocr_line' id='line_1_12' title="bbox 156 1695 1359 1781; baseline -0.002 -17"><span class='ocrx_word' id='word_1_99' title='bbox 156 1697 235 1781; x_wconf 87' lang='lat' dir='ltr'><strong>Gap.</strong></span> <span class='ocrx_word' id='word_1_100' title='bbox 258 1699 298 1765; x_wconf 90' lang='lat' dir='ltr'><strong>X.</strong></span> <span class='ocrx_word' id='word_1_101' title='bbox 343 1697 436 1776; x_wconf 82' lang='lat' dir='ltr'><strong>Quod</strong></span> <span class='ocrx_word' id='word_1_102' title='bbox 459 1703 601 1764; x_wconf 78' lang='lat' dir='ltr'><strong>ostensa</strong></span> <span class='ocrx_word' id='word_1_103' title='bbox 624 1703 700 1763; x_wconf 86' lang='lat' dir='ltr'><strong>aunt</strong></span> <span class='ocrx_word' id='word_1_104' title='bbox 723 1697 827 1764; x_wconf 85' lang='lat' dir='ltr'><strong>Olavo</strong></span> <span class='ocrx_word' id='word_1_105' title='bbox 848 1695 973 1764; x_wconf 81' lang='lat' dir='ltr'><strong>insidia</strong></span> <span class='ocrx_word' id='word_1_106' title='bbox 996 1701 1030 1762; x_wconf 89' lang='lat' dir='ltr'><strong>et</strong></span> <span class='ocrx_word' id='word_1_107' title='bbox 1051 1695 1181 1764; x_wconf 72' lang='lat' dir='ltr'><strong>nendos</strong></span> <span class='ocrx_word' id='word_1_108' title='bbox 1203 1697 1359 1764; x_wconf 77' lang='lat' dir='ltr'><strong>Hanania.</strong></span> 
     </span>
    </p>
   </div>
   <div class='ocr_carea' id='block_1_4' title="bbox 73 1881 1448 3638">
    <p class='ocr_par' dir='ltr' id='par_1_4' title="bbox 135 1881 1383 2175">
     <span class='ocr_line' id='line_1_13' title="bbox 224 1881 1381 1965; baseline 0 -17"><span class='ocrx_word' id='word_1_109' title='bbox 224 1883 343 1948; x_wconf 86' lang='lat' dir='ltr'><strong>Olavus</strong></span> <span class='ocrx_word' id='word_1_110' title='bbox 367 1883 482 1948; x_wconf 89' lang='lat' dir='ltr'><strong>debinc</strong></span> <span class='ocrx_word' id='word_1_111' title='bbox 505 1883 699 1948; x_wconf 81' lang='lat' dir='ltr'><strong>acceleravit</strong></span> <span class='ocrx_word' id='word_1_112' title='bbox 721 1883 899 1948; x_wconf 72' lang='lat' dir='ltr'><strong>insanum</strong></span> <span class='ocrx_word' id='word_1_113' title='bbox 930 1883 963 1946; x_wconf 92' lang='lat' dir='ltr'><strong>io</strong></span> <span class='ocrx_word' id='word_1_114' title='bbox 991 1881 1193 1963; x_wconf 75' lang='lat' dir='ltr'><strong>Norwagiarn</strong></span> <span class='ocrx_word' id='word_1_115' title='bbox 1225 1883 1381 1965; x_wconf 88' lang='lat' dir='ltr'><strong>primum·</strong></span> 
     </span>
     <span class='ocr_line' id='line_1_14' title="bbox 136 1985 1383 2070; baseline 0.002 -18"><span class='ocrx_word' id='word_1_116' title='bbox 136 2005 202 2070; x_wconf 86' lang='lat' dir='ltr'><strong>qne</strong></span> <span class='ocrx_word' id='word_1_117' title='bbox 225 1986 384 2070; x_wconf 79' lang='lat' dir='ltr'><strong>applicuit</strong></span> <span class='ocrx_word' id='word_1_118' title='bbox 406 1987 607 2068; x_wconf 80' lang='lat' dir='ltr'><strong>adimentem,</strong></span> <span class='ocrx_word' id='word_1_119' title='bbox 632 2005 703 2068; x_wconf 84' lang='lat' dir='ltr'><strong>quae</strong></span> <span class='ocrx_word' id='word_1_120' title='bbox 727 1985 1056 2066; x_wconf 84' lang='lat' dir='ltr'><strong>dicitnrliostar,ubi</strong></span> <span class='ocrx_word' id='word_1_121' title='bbox 1081 1992 1116 2051; x_wconf 92' lang='lat' dir='ltr'><strong>et</strong></span> <span class='ocrx_word' id='word_1_122' title='bbox 1136 1991 1256 2068; x_wconf 87' lang='lat' dir='ltr'><strong>postea</strong></span> <span class='ocrx_word' id='word_1_123' title='bbox 1279 1989 1383 2054; x_wconf 85' lang='lat' dir='ltr'><strong>cccle-</strong></span> 
     </span>
     <span class='ocr_line' id='line_1_15' title="bbox 135 2089 1382 2175; baseline 0.002 -19"><span class='ocrx_word' id='word_1_124' title='bbox 135 2093 221 2156; x_wconf 83' lang='lat' dir='ltr'><strong>siam</strong></span> <span class='ocrx_word' id='word_1_125' title='bbox 244 2090 428 2169; x_wconf 82' lang='lat' dir='ltr'><strong>aedilicavit,</strong></span> <span class='ocrx_word' id='word_1_126' title='bbox 453 2109 524 2172; x_wconf 87' lang='lat' dir='ltr'><strong>quae</strong></span> <span class='ocrx_word' id='word_1_127' title='bbox 545 2097 650 2175; x_wconf 89' lang='lat' dir='ltr'><strong>prima</strong></span> <span class='ocrx_word' id='word_1_128' title='bbox 673 2093 813 2157; x_wconf 87' lang='lat' dir='ltr'><strong>omnium</strong></span> <span class='ocrx_word' id='word_1_129' title='bbox 847 2093 879 2155; x_wconf 89' lang='lat' dir='ltr'><strong>iu</strong></span> <span class='ocrx_word' id='word_1_130' title='bbox 910 2089 1080 2170; x_wconf 76' lang='lat' dir='ltr'><strong>Nornagie</strong></span> <span class='ocrx_word' id='word_1_131' title='bbox 1113 2097 1301 2158; x_wconf 88' lang='lat' dir='ltr'><strong>constructe</strong></span> <span class='ocrx_word' id='word_1_132' title='bbox 1323 2099 1382 2158; x_wconf 81' lang='lat' dir='ltr'><strong>eat.</strong></span> 
     </span>
    </p>

    <p class='ocr_par' dir='ltr' id='par_1_5' title="bbox 75 2195 1448 2696">
     <span class='ocr_line' id='line_1_16' title="bbox 75 2195 1382 2278; baseline 0.001 -18"><span class='ocrx_word' id='word_1_133' title='bbox 75 2225 102 2271; x_wconf 82' lang='lat'><strong>15</strong></span> <span class='ocrx_word' id='word_1_134' title='bbox 123 2195 218 2261; x_wconf 83' lang='lat' dir='ltr'><strong>¹Post</strong></span> <span class='ocrx_word' id='word_1_135' title='bbox 232 2196 302 2260; x_wconf 89' lang='lat' dir='ltr'><strong>haec</strong></span> <span class='ocrx_word' id='word_1_136' title='bbox 314 2215 385 2260; x_wconf 89' lang='lat' dir='ltr'><strong>cum</strong></span> <span class='ocrx_word' id='word_1_137' title='bbox 396 2197 543 2261; x_wconf 85' lang='lat' dir='ltr'><strong>venisset</strong></span> <span class='ocrx_word' id='word_1_138' title='bbox 563 2195 647 2260; x_wconf 87' lang='lat' dir='ltr'><strong>inira</strong></span> <span class='ocrx_word' id='word_1_139' title='bbox 659 2195 824 2277; x_wconf 79' lang='lat' dir='ltr'><strong>Agthanns</strong></span> <span class='ocrx_word' id='word_1_140' title='bbox 847 2196 887 2260; x_wconf 91' lang='lat' dir='ltr'><strong>ad</strong></span> <span class='ocrx_word' id='word_1_141' title='bbox 899 2195 1016 2274; x_wconf 89' lang='lat' dir='ltr'><strong>locum,</strong></span> <span class='ocrx_word' id='word_1_142' title='bbox 1031 2196 1096 2278; x_wconf 56' lang='lat' dir='ltr'><strong>‘qni</strong></span> <span class='ocrx_word' id='word_1_143' title='bbox 1112 2195 1229 2260; x_wconf 87' lang='lat' dir='ltr'><strong>dicitur</strong></span> <span class='ocrx_word' id='word_1_144' title='bbox 1240 2196 1382 2262; x_wconf 85' lang='lat' dir='ltr'><strong>Thialle-</strong></span> 
     </span>
     <span class='ocr_line' id='line_1_17' title="bbox 135 2299 1379 2382; baseline 0.002 -18"><span class='ocrx_word' id='word_1_145' title='bbox 135 2299 245 2378; x_wconf 89' lang='lat' dir='ltr'><strong>bellir‚</strong></span> <span class='ocrx_word' id='word_1_146' title='bbox 279 2300 325 2366; x_wconf 91' lang='lat' dir='ltr'><strong>ibi</strong></span> <span class='ocrx_word' id='word_1_147' title='bbox 347 2305 492 2365; x_wconf 87' lang='lat' dir='ltr'><strong>moratus</strong></span> <span class='ocrx_word' id='word_1_148' title='bbox 517 2307 568 2366; x_wconf 87' lang='lat' dir='ltr'><strong>est</strong></span> <span class='ocrx_word' id='word_1_149' title='bbox 588 2305 684 2366; x_wconf 88' lang='lat' dir='ltr'><strong>nocte</strong></span> <span class='ocrx_word' id='word_1_150' title='bbox 707 2319 781 2380; x_wconf 89' lang='lat' dir='ltr'><strong>una,</strong></span> <span class='ocrx_word' id='word_1_151' title='bbox 805 2301 951 2382; x_wconf 84' lang='lat' dir='ltr'><strong>quamvis</strong></span> <span class='ocrx_word' id='word_1_152' title='bbox 973 2317 1067 2381; x_wconf 79' lang='lat' dir='ltr'><strong>paene</strong></span> <span class='ocrx_word' id='word_1_153' title='bbox 1088 2299 1197 2365; x_wconf 90' lang='lat' dir='ltr'><strong>nullus</strong></span> <span class='ocrx_word' id='word_1_154' title='bbox 1231 2300 1276 2365; x_wconf 93' lang='lat' dir='ltr'><strong>sit</strong></span> <span class='ocrx_word' id='word_1_155' title='bbox 1304 2320 1379 2382; x_wconf 91' lang='lat' dir='ltr'><strong>por-</strong></span> 
     </span>
     <span class='ocr_line' id='line_1_18' title="bbox 135 2403 1384 2484; baseline 0.001 -15"><span class='ocrx_word' id='word_1_156' title='bbox 135 2410 202 2483; x_wconf 90' lang='lat' dir='ltr'><strong>tus,</strong></span> <span class='ocrx_word' id='word_1_157' title='bbox 224 2405 358 2484; x_wconf 83' lang='lat' dir='ltr'><strong>ignarus</strong></span> <span class='ocrx_word' id='word_1_158' title='bbox 392 2405 497 2469; x_wconf 87' lang='lat' dir='ltr'><strong>adhuc</strong></span> <span class='ocrx_word' id='word_1_159' title='bbox 528 2403 651 2470; x_wconf 75' lang='lat' dir='ltr'><strong>bandis</strong></span> <span class='ocrx_word' id='word_1_160' title='bbox 685 2411 726 2470; x_wconf 75' lang='lat' dir='ltr'><strong>et&#39;</strong></span> <span class='ocrx_word' id='word_1_161' title='bbox 751 2405 940 2470; x_wconf 89' lang='lat' dir='ltr'><strong>insidiamm</strong></span> <span class='ocrx_word' id='word_1_162' title='bbox 963 2404 1140 2470; x_wconf 67' lang='lat' dir='ltr'><strong>sicconem.</strong></span> <span class='ocrx_word' id='word_1_163' title='bbox 1195 2405 1232 2470; x_wconf 95' lang='lat' dir='ltr'><strong>In</strong></span> <span class='ocrx_word' id='word_1_164' title='bbox 1267 2407 1384 2471; x_wconf 84' lang='lat' dir='ltr'><strong>eadem</strong></span> 
     </span>
     <span class='ocr_line' id='line_1_19' title="bbox 135 2509 1448 2592; baseline 0 -18"><span class='ocrx_word' id='word_1_165' title='bbox 135 2513 235 2574; x_wconf 88' lang='lat' dir='ltr'><strong>nocte</strong></span> <span class='ocrx_word' id='word_1_166' title='bbox 258 2513 469 2574; x_wconf 82' lang='lat' dir='ltr'><strong>accesserunt</strong></span> <span class='ocrx_word' id='word_1_167' title='bbox 491 2509 531 2572; x_wconf 93' lang='lat' dir='ltr'><strong>ed</strong></span> <span class='ocrx_word' id='word_1_168' title='bbox 555 2527 628 2574; x_wconf 85' lang='lat' dir='ltr'><strong>eum</strong></span> <span class='ocrx_word' id='word_1_169' title='bbox 650 2510 800 2591; x_wconf 72' lang='lat' dir='ltr'><strong>predicti</strong></span> <span class='ocrx_word' id='word_1_170' title='bbox 824 2512 971 2577; x_wconf 87' lang='lat' dir='ltr'><strong>avunculi</strong></span> <span class='ocrx_word' id='word_1_171' title='bbox 1003 2512 1072 2592; x_wconf 86' lang='lat' dir='ltr'><strong>ejus</strong></span> <span class='ocrx_word' id='word_1_172' title='bbox 1103 2511 1383 2590; x_wconf 82' lang='lat' dir='ltr'><strong>discooperientes</strong></span> <span class='ocrx_word' id='word_1_173' title='bbox 1445 2587 1448 2592; x_wconf 27' lang='grc' dir='ltr'>Ι</span> 
     </span>
     <span class='ocr_line' id='line_1_20' title="bbox 135 2613 1381 2696; baseline 0 -18"><span class='ocrx_word' id='word_1_174' title='bbox 135 2613 348 2678; x_wconf 89' lang='lat' dir='ltr'><strong>traditionem</strong></span> <span class='ocrx_word' id='word_1_175' title='bbox 371 2613 545 2692; x_wconf 61' lang='lat' dir='ltr'><strong>Honorem,</strong></span> <span class='ocrx_word' id='word_1_176' title='bbox 567 2620 681 2695; x_wconf 86' lang='lat' dir='ltr'><strong>utpote</strong></span> <span class='ocrx_word' id='word_1_177' title='bbox 700 2616 767 2696; x_wconf 80' lang='lat' dir='ltr'><strong>J&#39;em</strong></span> <span class='ocrx_word' id='word_1_178' title='bbox 789 2614 918 2681; x_wconf 87' lang='lat' dir='ltr'><strong>liberati</strong></span> <span class='ocrx_word' id='word_1_179' title='bbox 942 2634 961 2680; x_wconf 91' lang='lat' dir='ltr'><strong>a</strong></span> <span class='ocrx_word' id='word_1_180' title='bbox 986 2615 1180 2696; x_wconf 86' lang='lat' dir='ltr'><strong>juramento,</strong></span> <span class='ocrx_word' id='word_1_181' title='bbox 1204 2615 1291 2696; x_wconf 88' lang='lat' dir='ltr'><strong>quod</strong></span> <span class='ocrx_word' id='word_1_182' title='bbox 1315 2615 1381 2678; x_wconf 88' lang='lat' dir='ltr'><strong>Ho-</strong></span> 
     </span>
    </p>

    <p class='ocr_par' dir='ltr' id='par_1_6' title="bbox 74 2717 1383 3220">
     <span class='ocr_line' id='line_1_21' title="bbox 74 2717 1382 2808; baseline 0.002 -26"><span class='ocrx_word' id='word_1_183' title='bbox 74 2763 103 2808; x_wconf 72' lang='lat'><strong>,0</strong></span> <span class='ocrx_word' id='word_1_184' title='bbox 138 2719 213 2782; x_wconf 89' lang='lat' dir='ltr'><strong>coni</strong></span> <span class='ocrx_word' id='word_1_185' title='bbox 234 2717 442 2798; x_wconf 73' lang='lat' dir='ltr'><strong>iuraverant3</strong></span> <span class='ocrx_word' id='word_1_186' title='bbox 465 2723 582 2798; x_wconf 82' lang='lat' dir='ltr'><strong>rogant</strong></span> <span class='ocrx_word' id='word_1_187' title='bbox 604 2719 719 2784; x_wconf 84' lang='lat' dir='ltr'><strong>obnixe</strong></span> <span class='ocrx_word' id='word_1_188' title='bbox 751 2725 788 2785; x_wconf 92' lang='lat' dir='ltr'><strong>ut</strong></span> <span class='ocrx_word' id='word_1_189' title='bbox 810 2724 936 2785; x_wconf 88' lang='lat' dir='ltr'><strong>mature</strong></span> <span class='ocrx_word' id='word_1_190' title='bbox 960 2719 1081 2785; x_wconf 88' lang='lat' dir='ltr'><strong>sibiet</strong></span> <span class='ocrx_word' id='word_1_191' title='bbox 1109 2719 1188 2801; x_wconf 90' lang='lat' dir='ltr'><strong>ipsis</strong></span> <span class='ocrx_word' id='word_1_192' title='bbox 1225 2738 1284 2784; x_wconf 85' lang='lat' dir='ltr'><strong>noc</strong></span> <span class='ocrx_word' id='word_1_193' title='bbox 1317 2738 1382 2784; x_wconf 89' lang='lat' dir='ltr'><strong>non</strong></span> 
     </span>
     <span class='ocr_line' id='line_1_22' title="bbox 136 2821 1383 2904; baseline 0 -17"><span class='ocrx_word' id='word_1_194' title='bbox 136 2828 172 2887; x_wconf 89' lang='lat' dir='ltr'><strong>et</strong></span> <span class='ocrx_word' id='word_1_195' title='bbox 194 2821 259 2886; x_wconf 90' lang='lat' dir='ltr'><strong>toti</strong></span> <span class='ocrx_word' id='word_1_196' title='bbox 282 2822 396 2902; x_wconf 86' lang='lat' dir='ltr'><strong>petriae</strong></span> <span class='ocrx_word' id='word_1_197' title='bbox 415 2823 595 2904; x_wconf 84' lang='lat' dir='ltr'><strong>provideat.</strong></span> <span class='ocrx_word' id='word_1_198' title='bbox 640 2823 699 2888; x_wconf 89' lang='lat' dir='ltr'><strong>Illa</strong></span> <span class='ocrx_word' id='word_1_199' title='bbox 733 2843 808 2890; x_wconf 82' lang='lat' dir='ltr'><strong>vero</strong></span> <span class='ocrx_word' id='word_1_200' title='bbox 842 2825 1001 2904; x_wconf 89' lang='lat' dir='ltr'><strong>turbatus,</strong></span> <span class='ocrx_word' id='word_1_201' title='bbox 1036 2829 1073 2890; x_wconf 91' lang='lat' dir='ltr'><strong>ut</strong></span> <span class='ocrx_word' id='word_1_202' title='bbox 1106 2825 1227 2889; x_wconf 87' lang='lat' dir='ltr'><strong>essolet</strong></span> <span class='ocrx_word' id='word_1_203' title='bbox 1259 2825 1291 2888; x_wconf 91' lang='lat' dir='ltr'><strong>iu</strong></span> <span class='ocrx_word' id='word_1_204' title='bbox 1325 2824 1383 2888; x_wconf 91' lang='lat' dir='ltr'><strong>tali</strong></span> 
     </span>
     <span class='ocr_line' id='line_1_23' title="bbox 135 2926 1383 3011; baseline 0.002 -21"><span class='ocrx_word' id='word_1_205' title='bbox 135 2926 283 3006; x_wconf 84' lang='lat' dir='ltr'><strong>negotio,</strong></span> <span class='ocrx_word' id='word_1_206' title='bbox 317 2927 529 3006; x_wconf 84' lang='lat' dir='ltr'><strong>omnipotenti</strong></span> <span class='ocrx_word' id='word_1_207' title='bbox 553 2927 623 2991; x_wconf 88' lang='lat' dir='ltr'><strong>Deo</strong></span> <span class='ocrx_word' id='word_1_208' title='bbox 644 2933 748 2992; x_wconf 91' lang='lat' dir='ltr'><strong>totam</strong></span> <span class='ocrx_word' id='word_1_209' title='bbox 771 2947 863 2994; x_wconf 90' lang='lat' dir='ltr'><strong>suam</strong></span> <span class='ocrx_word' id='word_1_210' title='bbox 887 2929 1050 2994; x_wconf 88' lang='lat' dir='ltr'><strong>commisit</strong></span> <span class='ocrx_word' id='word_1_211' title='bbox 1072 2945 1210 3007; x_wconf 73' lang='lat' dir='ltr'><strong>causam,</strong></span> <span class='ocrx_word' id='word_1_212' title='bbox 1234 2934 1273 2992; x_wconf 91' lang='lat' dir='ltr'><strong>ut</strong></span> <span class='ocrx_word' id='word_1_213' title='bbox 1294 2929 1383 3011; x_wconf 88' lang='lat' dir='ltr'><strong>quod</strong></span> 
     </span>
     <span class='ocr_line' id='line_1_24' title="bbox 135 3030 1382 3124; baseline 0.001 -30"><span class='ocrx_word' id='word_1_214' title='bbox 135 3030 193 3095; x_wconf 89' lang='lat' dir='ltr'><strong>ille</strong></span> <span class='ocrx_word' id='word_1_215' title='bbox 218 3031 249 3094; x_wconf 91' lang='lat' dir='ltr'><strong>ei</strong></span> <span class='ocrx_word' id='word_1_216' title='bbox 270 3030 495 3113; x_wconf 86' lang='lat' dir='ltr'><strong>inspiraverat,</strong></span> <span class='ocrx_word' id='word_1_217' title='bbox 529 3031 600 3112; x_wconf 89' lang='lat' dir='ltr'><strong>ipso</strong></span> <span class='ocrx_word' id='word_1_218' title='bbox 634 3032 809 3099; x_wconf 85' lang='lat' dir='ltr'><strong>auxiliante</strong></span> <span class='ocrx_word' id='word_1_219' title='bbox 842 3033 999 3115; x_wconf 83' lang='lat' dir='ltr'><strong>perficere</strong></span> <span class='ocrx_word' id='word_1_220' title='bbox 1022 3033 1168 3124; x_wconf 71' lang='lat' dir='ltr'><strong>ualeret.</strong></span> <span class='ocrx_word' id='word_1_221' title='bbox 1223 3032 1273 3096; x_wconf 91' lang='lat' dir='ltr'><strong>Ibi</strong></span> <span class='ocrx_word' id='word_1_222' title='bbox 1306 3039 1382 3096; x_wconf 88' lang='lat' dir='ltr'><strong>tuno</strong></span> 
     </span>
     <span class='ocr_line' id='line_1_25' title="bbox 135 3134 1381 3220; baseline 0.002 -22"><span class='ocrx_word' id='word_1_223' title='bbox 135 3134 193 3200; x_wconf 91' lang='lat' dir='ltr'><strong>ille</strong></span> <span class='ocrx_word' id='word_1_224' title='bbox 229 3134 382 3216; x_wconf 90' lang='lat' dir='ltr'><strong>antiquus</strong></span> <span class='ocrx_word' id='word_1_225' title='bbox 422 3136 563 3200; x_wconf 88' lang='lat' dir='ltr'><strong>traditor</strong></span> <span class='ocrx_word' id='word_1_226' title='bbox 592 3137 715 3202; x_wconf 87' lang='lat' dir='ltr'><strong>Thorer</strong></span> <span class='ocrx_word' id='word_1_227' title='bbox 754 3139 888 3214; x_wconf 83' lang='lat' dir='ltr'><strong>klaklra,</strong></span> <span class='ocrx_word' id='word_1_228' title='bbox 930 3139 984 3220; x_wconf 92' lang='lat' dir='ltr'><strong>qui</strong></span> <span class='ocrx_word' id='word_1_229' title='bbox 1021 3137 1062 3203; x_wconf 89' lang='lat' dir='ltr'><strong>ad</strong></span> <span class='ocrx_word' id='word_1_230' title='bbox 1105 3157 1176 3202; x_wconf 92' lang='lat' dir='ltr'><strong>eum</strong></span> <span class='ocrx_word' id='word_1_231' title='bbox 1217 3137 1381 3219; x_wconf 88' lang='lat' dir='ltr'><strong>decipian-</strong></span> 
     </span>
    </p>

    <p class='ocr_par' dir='ltr' id='par_1_7' title="bbox 73 3239 1382 3638">
     <span class='ocr_line' id='line_1_26' title="bbox 73 3239 1382 3325; baseline 0 -20"><span class='ocrx_word' id='word_1_232' title='bbox 73 3281 101 3325; x_wconf 68' lang='lat'><strong>,5</strong></span> <span class='ocrx_word' id='word_1_233' title='bbox 137 3241 215 3306; x_wconf 91' lang='lat' dir='ltr'><strong>dum</strong></span> <span class='ocrx_word' id='word_1_234' title='bbox 240 3239 324 3304; x_wconf 86' lang='lat' dir='ltr'><strong>ierat</strong></span> <span class='ocrx_word' id='word_1_235' title='bbox 347 3239 377 3302; x_wconf 89' lang='lat' dir='ltr'><strong>iu</strong></span> <span class='ocrx_word' id='word_1_236' title='bbox 401 3241 558 3322; x_wconf 84' lang='lat' dir='ltr'><strong>Angliam,</strong></span> <span class='ocrx_word' id='word_1_237' title='bbox 581 3240 772 3307; x_wconf 84' lang='lat' dir='ltr'><strong>interfectus</strong></span> <span class='ocrx_word' id='word_1_238' title='bbox 796 3251 856 3309; x_wconf 88' lang='lat' dir='ltr'><strong>est.</strong></span> <span class='ocrx_word' id='word_1_239' title='bbox 902 3243 976 3306; x_wconf 87' lang='lat' dir='ltr'><strong>Mox</strong></span> <span class='ocrx_word' id='word_1_240' title='bbox 1004 3258 1080 3324; x_wconf 87' lang='lat' dir='ltr'><strong>ergo</strong></span> <span class='ocrx_word' id='word_1_241' title='bbox 1112 3241 1264 3307; x_wconf 90' lang='lat' dir='ltr'><strong>divinitus</strong></span> <span class='ocrx_word' id='word_1_242' title='bbox 1293 3242 1382 3324; x_wconf 89' lang='lat' dir='ltr'><strong>adju·</strong></span> 
     </span>
     <span class='ocr_line' id='line_1_27' title="bbox 138 3344 1380 3428; baseline 0.001 -20"><span class='ocrx_word' id='word_1_243' title='bbox 138 3347 193 3408; x_wconf 89' lang='lat' dir='ltr'><strong>tus</strong></span> <span class='ocrx_word' id='word_1_244' title='bbox 217 3344 250 3407; x_wconf 90' lang='lat' dir='ltr'><strong>in</strong></span> <span class='ocrx_word' id='word_1_245' title='bbox 274 3345 448 3409; x_wconf 87' lang='lat' dir='ltr'><strong>erastinum</strong></span> <span class='ocrx_word' id='word_1_246' title='bbox 471 3345 638 3427; x_wconf 85' lang='lat' dir='ltr'><strong>proiectus</strong></span> <span class='ocrx_word' id='word_1_247' title='bbox 664 3345 906 3426; x_wconf 84' lang='lat' dir='ltr'><strong>ostiolorum,</strong></span> <span class='ocrx_word' id='word_1_248' title='bbox 930 3348 983 3428; x_wconf 89' lang='lat' dir='ltr'><strong>qui</strong></span> <span class='ocrx_word' id='word_1_249' title='bbox 1010 3346 1128 3411; x_wconf 90' lang='lat' dir='ltr'><strong>dicitur</strong></span> <span class='ocrx_word' id='word_1_250' title='bbox 1151 3345 1380 3426; x_wconf 88' lang='lat' dir='ltr'><strong>Nidrosiensis,</strong></span> 
     </span>
     <span class='ocr_line' id='line_1_28' title="bbox 137 3449 1382 3530; baseline 0.002 -18"><span class='ocrx_word' id='word_1_251' title='bbox 137 3449 195 3514; x_wconf 93' lang='lat' dir='ltr'><strong>nbi</strong></span> <span class='ocrx_word' id='word_1_252' title='bbox 220 3454 298 3513; x_wconf 90' lang='lat' dir='ltr'><strong>tunc</strong></span> <span class='ocrx_word' id='word_1_253' title='bbox 321 3449 451 3529; x_wconf 89' lang='lat' dir='ltr'><strong>quidem</strong></span> <span class='ocrx_word' id='word_1_254' title='bbox 474 3450 619 3529; x_wconf 81' lang='lat' dir='ltr'><strong>pauculae</strong></span> <span class='ocrx_word' id='word_1_255' title='bbox 643 3451 757 3514; x_wconf 90' lang='lat' dir='ltr'><strong>domus</strong></span> <span class='ocrx_word' id='word_1_256' title='bbox 787 3451 990 3516; x_wconf 85' lang='lat' dir='ltr'><strong>diversorum</strong></span> <span class='ocrx_word' id='word_1_257' title='bbox 1022 3451 1258 3530; x_wconf 83' lang='lat' dir='ltr'><strong>negotiatorum</strong></span> <span class='ocrx_word' id='word_1_258' title='bbox 1280 3449 1382 3516; x_wconf 89' lang='lat' dir='ltr'><strong>habe·</strong></span> 
     </span>
     <span class='ocr_line' id='line_1_29' title="bbox 137 3548 1382 3638; baseline -0.002 -20"><span class='ocrx_word' id='word_1_259' title='bbox 137 3553 271 3630; x_wconf 88' lang='lat' dir='ltr'><strong>bantur,</strong></span> <span class='ocrx_word' id='word_1_260' title='bbox 298 3571 382 3616; x_wconf 93' lang='lat' dir='ltr'><strong>nunc</strong></span> <span class='ocrx_word' id='word_1_261' title='bbox 405 3571 481 3617; x_wconf 93' lang='lat' dir='ltr'><strong>vero</strong></span> <span class='ocrx_word' id='word_1_262' title='bbox 505 3558 603 3634; x_wconf 88' lang='lat' dir='ltr'><strong>eaput</strong></span> <span class='ocrx_word' id='word_1_263' title='bbox 626 3559 676 3618; x_wconf 88' lang='lat' dir='ltr'><strong>est</strong></span> <span class='ocrx_word' id='word_1_264' title='bbox 698 3554 799 3618; x_wconf 91' lang='lat' dir='ltr'><strong>totius</strong></span> <span class='ocrx_word' id='word_1_265' title='bbox 824 3548 923 3638; x_wconf 78' lang='lat' dir='ltr'><strong>regni,</strong></span> <span class='ocrx_word' id='word_1_266' title='bbox 958 3573 1021 3620; x_wconf 92' lang='lat' dir='ltr'><strong>uon</strong></span> <span class='ocrx_word' id='word_1_267' title='bbox 1055 3552 1158 3617; x_wconf 88' lang='lat' dir='ltr'><strong>solum</strong></span> <span class='ocrx_word' id='word_1_268' title='bbox 1193 3554 1382 3634; x_wconf 90' lang='lat' dir='ltr'><strong>metropoli-</strong></span> 
     </span>
    </p>
   </div>
   <div class='ocr_carea' id='block_1_5' title="bbox 137 3655 1500 3844">
    <p class='ocr_par' dir='ltr' id='par_1_8' title="bbox 137 3655 1500 3844">
     <span class='ocr_line' id='line_1_30' title="bbox 137 3655 1479 3740; baseline 0 -19"><span class='ocrx_word' id='word_1_269' title='bbox 137 3663 219 3722; x_wconf 86' lang='lat' dir='ltr'><strong>tane</strong></span> <span class='ocrx_word' id='word_1_270' title='bbox 241 3657 332 3736; x_wconf 88' lang='lat' dir='ltr'><strong>sede,</strong></span> <span class='ocrx_word' id='word_1_271' title='bbox 365 3675 475 3721; x_wconf 89' lang='lat' dir='ltr'><strong>verum</strong></span> <span class='ocrx_word' id='word_1_272' title='bbox 500 3658 598 3722; x_wconf 88' lang='lat' dir='ltr'><strong>etiam</strong></span> <span class='ocrx_word' id='word_1_273' title='bbox 622 3657 768 3739; x_wconf 88' lang='lat' dir='ltr'><strong>reliquiis</strong></span> <span class='ocrx_word' id='word_1_274' title='bbox 790 3659 969 3724; x_wconf 88' lang='lat' dir='ltr'><strong>beatissimi</strong></span> <span class='ocrx_word' id='word_1_275' title='bbox 995 3657 1085 3723; x_wconf 89' lang='lat' dir='ltr'><strong>Olavi</strong></span> <span class='ocrx_word' id='word_1_276' title='bbox 1112 3659 1260 3740; x_wconf 88' lang='lat' dir='ltr'><strong>martyris</strong></span> <span class='ocrx_word' id='word_1_277' title='bbox 1280 3655 1382 3722; x_wconf 90' lang='lat' dir='ltr'><strong>hono·</strong></span> <span class='ocrx_word' id='word_1_278' title='bbox 1475 3725 1479 3732; x_wconf 72' lang='grc'><em>,</em></span> 
     </span>
     <span class='ocr_line' id='line_1_31' title="bbox 137 3753 1500 3844; baseline -0.001 -18"><span class='ocrx_word' id='word_1_279' title='bbox 137 3759 291 3826; x_wconf 88' lang='lat' dir='ltr'><strong>rabiliter</strong></span> <span class='ocrx_word' id='word_1_280' title='bbox 314 3760 489 3824; x_wconf 88' lang='lat' dir='ltr'><strong>sublimate</strong></span> <span class='ocrx_word' id='word_1_281' title='bbox 512 3761 636 3828; x_wconf 87' lang='lat' dir='ltr'><strong>civitas.</strong></span> <span class='ocrx_word' id='word_1_282' title='bbox 671 3760 720 3826; x_wconf 91' lang='lat' dir='ltr'><strong>Ibi</strong></span> <span class='ocrx_word' id='word_1_283' title='bbox 743 3763 783 3826; x_wconf 90' lang='lat' dir='ltr'><strong>ad</strong></span> <span class='ocrx_word' id='word_1_284' title='bbox 807 3781 878 3826; x_wconf 89' lang='lat' dir='ltr'><strong>eum</strong></span> <span class='ocrx_word' id='word_1_285' title='bbox 900 3761 1053 3828; x_wconf 87' lang='lat' dir='ltr'><strong>confluxit</strong></span> <span class='ocrx_word' id='word_1_286' title='bbox 1070 3753 1383 3844; x_wconf 81' lang='lat' dir='ltr'><strong>multitudopopuli3</strong></span> <span class='ocrx_word' id='word_1_287' title='bbox 1498 3808 1500 3814; x_wconf 66' lang='lat'><strong>,</strong></span> 
     </span>
    </p>
   </div>
   <div class='ocr_carea' id='block_1_6' title="bbox 229 3959 1346 4031">
    <p class='ocr_par' dir='ltr' id='par_1_9' title="bbox 229 3959 1346 4031">
     <span class='ocr_line' id='line_1_32' title="bbox 229 3959 1346 4031; baseline 0.003 -21"><span class='ocrx_word' id='word_1_288' title='bbox 229 3959 238 3987; x_wconf 92' lang='lat'><strong>¹</strong></span> <span class='ocrx_word' id='word_1_289' title='bbox 258 3962 289 4010; x_wconf 81' lang='lat' dir='ltr'><strong>A.</strong></span> <span class='ocrx_word' id='word_1_290' title='bbox 307 3959 347 4010; x_wconf 79' lang='lat' dir='ltr'><strong>lna</strong></span> <span class='ocrx_word' id='word_1_291' title='bbox 365 3959 376 4024; x_wconf 95' lang='lat'>[</span> <span class='ocrx_word' id='word_1_292' title='bbox 394 3968 577 4026; x_wconf 83' lang='lat' dir='ltr'><strong>orcrsprunget</strong></span> <span class='ocrx_word' id='word_1_293' title='bbox 598 3965 607 4012; x_wconf 92' lang='lat' dir='ltr'><strong>i</strong></span> <span class='ocrx_word' id='word_1_294' title='bbox 624 3963 650 4016; x_wconf 82' lang='lat' dir='ltr'><strong>S.</strong></span> <span class='ocrx_word' id='word_1_295' title='bbox 689 3965 805 4016; x_wconf 62' lang='grc' dir='ltr'><strong>2ιιιιιιιι.</strong></span> <span class='ocrx_word' id='word_1_296' title='bbox 822 3963 946 4013; x_wconf 89' lang='lat' dir='ltr'><strong>Haconar</strong></span> <span class='ocrx_word' id='word_1_297' title='bbox 964 3963 1040 4031; x_wconf 68' lang='grc' dir='ltr'>ΛΚΒ.</span> <span class='ocrx_word' id='word_1_298' title='bbox 1079 3963 1137 4017; x_wconf 68' lang='grc' dir='ltr'><strong>1Δ.</strong></span> <span class='ocrx_word' id='word_1_299' title='bbox 1154 3963 1277 4013; x_wconf 88' lang='lat' dir='ltr'><strong>Haoonar</strong></span> <span class='ocrx_word' id='word_1_300' title='bbox 1294 3961 1346 4013; x_wconf 73' lang='grc' dir='ltr'><strong>ΚΒ.</strong></span> 
     </span>
    </p>
   </div>
   <div class='ocr_carea' id='block_1_7' title="bbox 139 4129 1384 4632">
    <p class='ocr_par' dir='ltr' id='par_1_10' title="bbox 229 4129 922 4211">
     <span class='ocr_line' id='line_1_33' title="bbox 229 4129 922 4211; baseline 0.007 -22"><span class='ocrx_word' id='word_1_301' title='bbox 229 4133 257 4189; x_wconf 88' lang='grc'><strong>6.</strong></span> <span class='ocrx_word' id='word_1_302' title='bbox 304 4136 452 4210; x_wconf 87' lang='lat' dir='ltr'><strong>scriptum</strong></span> <span class='ocrx_word' id='word_1_303' title='bbox 476 4129 536 4211; x_wconf 90' lang='lat' dir='ltr'><strong>est]</strong></span> <span class='ocrx_word' id='word_1_304' title='bbox 560 4137 678 4196; x_wconf 83' lang='lat' dir='ltr'><strong>Psalmo</strong></span> <span class='ocrx_word' id='word_1_305' title='bbox 701 4137 850 4211; x_wconf 85' lang='lat' dir='ltr'><strong>LXXXII,</strong></span> <span class='ocrx_word' id='word_1_306' title='bbox 876 4141 922 4196; x_wconf 85' lang='grc'><strong>17.</strong></span> 
     </span>
    </p>

    <p class='ocr_par' dir='ltr' id='par_1_11' title="bbox 231 4231 1210 4319">
     <span class='ocr_line' id='line_1_34' title="bbox 231 4231 1210 4319; baseline 0.002 -22"><span class='ocrx_word' id='word_1_307' title='bbox 231 4241 279 4298; x_wconf 78' lang='grc'><strong>18.</strong></span> <span class='ocrx_word' id='word_1_308' title='bbox 325 4231 548 4314; x_wconf 83' lang='lat' dir='ltr'><strong>discooperire]</strong></span> <span class='ocrx_word' id='word_1_309' title='bbox 570 4242 662 4300; x_wconf 88' lang='lat' dir='ltr'><strong>midd.</strong></span> <span class='ocrx_word' id='word_1_310' title='bbox 686 4245 738 4301; x_wconf 86' lang='lat' dir='ltr'><strong>let.</strong></span> <span class='ocrx_word' id='word_1_311' title='bbox 764 4262 803 4290; x_wconf 71' lang='grc' dir='ltr'><strong>ιτ·</strong></span> <span class='ocrx_word' id='word_1_312' title='bbox 826 4245 956 4319; x_wconf 85' lang='lat' dir='ltr'><strong>aporire,</strong></span> <span class='ocrx_word' id='word_1_313' title='bbox 978 4241 1016 4300; x_wconf 80' lang='lat' dir='ltr'><strong>in</strong></span> <span class='ocrx_word' id='word_1_314' title='bbox 1041 4243 1210 4300; x_wconf 78' lang='lat' dir='ltr'><strong>drinonvrir.</strong></span> 
     </span>
    </p>

    <p class='ocr_par' dir='ltr' id='par_1_12' title="bbox 139 4335 1384 4632">
     <span class='ocr_line' id='line_1_35' title="bbox 229 4335 1384 4422; baseline 0.001 -21"><span class='ocrx_word' id='word_1_315' title='bbox 229 4345 279 4402; x_wconf 88' lang='lat'><strong>30.</strong></span> <span class='ocrx_word' id='word_1_316' title='bbox 324 4335 483 4418; x_wconf 84' lang='lat' dir='ltr'><strong>confluxit]</strong></span> <span class='ocrx_word' id='word_1_317' title='bbox 517 4344 600 4403; x_wconf 77' lang='lat' dir='ltr'><strong>Fors.</strong></span> <span class='ocrx_word' id='word_1_318' title='bbox 624 4347 754 4420; x_wconf 54' lang='lat' dir='ltr'><strong>hender</strong></span> <span class='ocrx_word' id='word_1_319' title='bbox 775 4347 910 4405; x_wconf 82' lang='lat' dir='ltr'><strong>hverlren</strong></span> <span class='ocrx_word' id='word_1_320' title='bbox 935 4345 1050 4420; x_wconf 78' lang='lat' dir='ltr'><strong>Segnet</strong></span> <span class='ocrx_word' id='word_1_321' title='bbox 1080 4365 1128 4404; x_wconf 93' lang='lat' dir='ltr'><strong>om</strong></span> <span class='ocrx_word' id='word_1_322' title='bbox 1152 4345 1286 4422; x_wconf 77' lang='lat' dir='ltr'><strong>Oprpret</strong></span> <span class='ocrx_word' id='word_1_323' title='bbox 1314 4343 1384 4403; x_wconf 89' lang='lat' dir='ltr'><strong>mod</strong></span> 
     </span>
     <span class='ocr_line' id='line_1_36' title="bbox 139 4446 1384 4526; baseline 0 -21"><span class='ocrx_word' id='word_1_324' title='bbox 139 4446 272 4505; x_wconf 84' lang='lat' dir='ltr'><strong>Haalron</strong></span> <span class='ocrx_word' id='word_1_325' title='bbox 297 4446 371 4505; x_wconf 82' lang='lat' dir='ltr'><strong>aller</strong></span> <span class='ocrx_word' id='word_1_326' title='bbox 395 4449 462 4506; x_wconf 87' lang='lat' dir='ltr'><strong>deta</strong></span> <span class='ocrx_word' id='word_1_327' title='bbox 483 4449 660 4526; x_wconf 66' lang='lat' dir='ltr'><strong>Anledniug</strong></span> <span class='ocrx_word' id='word_1_328' title='bbox 682 4453 691 4508; x_wconf 91' lang='lat' dir='ltr'><strong>i</strong></span> <span class='ocrx_word' id='word_1_329' title='bbox 714 4453 790 4510; x_wconf 85' lang='lat' dir='ltr'><strong>hans</strong></span> <span class='ocrx_word' id='word_1_330' title='bbox 810 4450 1053 4525; x_wconf 82' lang='lat' dir='ltr'><strong>Voldshnndling</strong></span> <span class='ocrx_word' id='word_1_331' title='bbox 1074 4451 1145 4508; x_wconf 90' lang='lat' dir='ltr'><strong>mod</strong></span> <span class='ocrx_word' id='word_1_332' title='bbox 1168 4455 1258 4507; x_wconf 83' lang='lat' dir='ltr'><strong>entem</strong></span> <span class='ocrx_word' id='word_1_333' title='bbox 1277 4447 1384 4522; x_wconf 82' lang='lat' dir='ltr'><strong>Brynj·</strong></span> 
     </span>
     <span class='ocr_line' id='line_1_37' title="bbox 139 4535 1381 4632; baseline -0.001 -22"><span class='ocrx_word' id='word_1_334' title='bbox 139 4551 195 4610; x_wconf 82' lang='lat' dir='ltr'><strong>ulv</strong></span> <span class='ocrx_word' id='word_1_335' title='bbox 227 4545 325 4626; x_wconf 82' lang='lat' dir='ltr'><strong>(odd)</strong></span> <span class='ocrx_word' id='word_1_336' title='bbox 350 4551 424 4609; x_wconf 84' lang='lat' dir='ltr'><strong>ellsr</strong></span> <span class='ocrx_word' id='word_1_337' title='bbox 453 4552 580 4610; x_wconf 80' lang='lat' dir='ltr'><strong>(ludrun</strong></span> <span class='ocrx_word' id='word_1_338' title='bbox 604 4554 761 4611; x_wconf 84' lang='lat' dir='ltr'><strong>Lnndeeol</strong></span> <span class='ocrx_word' id='word_1_339' title='bbox 793 4535 919 4632; x_wconf 61' lang='lat' dir='ltr'><strong>(Agrip)</strong></span> <span class='ocrx_word' id='word_1_340' title='bbox 949 4553 1026 4612; x_wconf 86' lang='lat' dir='ltr'><strong>eller</strong></span> <span class='ocrx_word' id='word_1_341' title='bbox 1047 4553 1144 4629; x_wconf 80' lang='lat' dir='ltr'><strong>begga</strong></span> <span class='ocrx_word' id='word_1_342' title='bbox 1175 4549 1199 4626; x_wconf 83' lang='lat' dir='ltr'><strong>(i</strong></span> <span class='ocrx_word' id='word_1_343' title='bbox 1230 4553 1381 4612; x_wconf 85' lang='lat' dir='ltr'><strong>Sammon-</strong></span> 
     </span>
    </p>
   </div>
   <div class='ocr_carea' id='block_1_8' title="bbox 140 4640 1230 4798">
    <p class='ocr_par' dir='ltr' id='par_1_13' title="bbox 140 4640 1230 4798">
     <span class='ocr_line' id='line_1_38' title="bbox 140 4640 1230 4798; baseline 0.003 -84"><span class='ocrx_word' id='word_1_344' title='bbox 140 4640 339 4714; x_wconf 77' lang='lat' dir='ltr'><strong>arbaidslsen</strong></span> <span class='ocrx_word' id='word_1_345' title='bbox 361 4655 417 4714; x_wconf 85' lang='lat' dir='ltr'><strong>boa</strong></span> <span class='ocrx_word' id='word_1_346' title='bbox 442 4652 581 4728; x_wconf 75' lang='lat' dir='ltr'><strong>Scurra).</strong></span> <span class='ocrx_word' id='word_1_347' title='bbox 1211 4737 1230 4798; x_wconf 65' lang='lat'>2</span> 
     </span>
    </p>
   </div>
   <div class='ocr_carea' id='block_1_9' title="bbox 0 0 1774 5424">
    <p class='ocr_par' dir='ltr' id='par_1_14' title="bbox 0 0 1774 5424">
     <span class='ocr_line' id='line_1_39' title="bbox 0 0 1774 5424; baseline 0 0"><span class='ocrx_word' id='word_1_348' title='bbox 0 0 1774 5424; x_wconf 95' lang='lat' dir='ltr'><strong> </strong></span> 
     </span>
    </p>
   </div>
  </div>
 </body>
</html>
