3496 5424
507 399 608 454 ACTA
625 399 846 454 SANGTORUM
864 400 902 452 ni
920 401 1030 454 SELIO.
1323 401 1383 464 149
1440 407 1443 412 ’

151 580 252 646 lenter
281 579 422 663 adeptus
453 585 518 658 est,
550 562 611 644 sub
644 580 706 645 boo
738 579 885 662 principe
915 585 1049 662 tempus.
1071 598 1136 648 non
1167 581 1328 648 modicum
1351 583 1384 652 in

150 684 310 764 predictis
332 686 446 752 insulis
475 685 581 753 sancti
604 684 657 750 del
680 689 918 750 commorantes
942 685 1171 752 domino-lesu
1193 685 1324 754 Christo
1352 689 1385 756 in

150 785 244 856 multa
269 788 465 856 abstinentia
488 795 526 856 et
543 789 760 870 pauper-tow,
784 789 936 856 castitate
960 796 995 854 et
1016 790 1091 856 vita
1114 792 1291 863 sanctitate
1314 810 1384 858 ser-

149 892 287 957 viebant.
331 894 367 958 In
396 894 447 958 his
476 893 590 958 insulis
620 893 760 958 nondum
790 893 1014 972 indigenarum
1035 893 1197 961 habitatio
1217 900 1302 976 erat,
1323 897 1382 974 scd

106 1005 119 1049 5
151 997 203 1077 qui
224 997 257 1062 in
279 1000 369 1063 terra
387 998 549 1080 adjacenti
573 997 748 1078 degebant,
769 995 904 1079 peoora2
917 1015 986 1067 nsua
999 997 1044 1082 [in
1058 999 1188 1080 pascuis
1201 999 1262 1063 ibii
1283 999 1385 1068 habu-

140 1107 254 1175 erunt
295 1101 391 1184 [Coro
415 1121 503 1183 ergo,
526 1103 611 1170 sicut
632 1101 718 1168 solet
741 1119 829 1182 sepe
851 1101 1048 1184 contingere,
1071 1119 1293 1184 pecoraque
1314 1103 1385 1170 siue

151 1207 337 1274 succubus
359 1207 391 1272 in
415 1207 576 1274 montibus
598 1205 649 1271 vel
672 1207 706 1270 in
727 1206 842 1272 insulis
872 1224 911 1274 oc
932 1206 1015 1273 locis
1036 1211 1383 1291 pascunturcampos·

149 1311 261 1390 tribus,
281 1329 348 1376 non
370 1311 479 1384 omnia
506 1311 667 1379 interdum
697 1328 716 1374 a
743 1311 988 1392 possessoribus
1020 1296 1240 1394 reperiuntur,
1268 1313 1387 1396 pagani

149 1416 188 1483 de
209 1416 371 1497 adjacenti
393 1421 480 1482 terra
500 1416 689 1494 ¹venientes,
724 1432 820 1496 quos·
834 1416 939 1496 primo
965 1415 1051 1482 fracia¹
1077 1422 1317 1500 nnn-poterant
1337 1418 1386 1484 in·

92 1527 118 1574 10
149 1521 268 1600 uenire,
301 1521 425 1590 bestias
457 1521 576 1589 furtive
608 1519 788 1586 credebant
825 1519 961 1596 ablatas.
1024 1521 1087 1585 Sed
1127 1539 1200 1588 cum
1239 1521 1388 1617 riderent

147 1630 287 1697 sanctos·
313 1625 365 1700 dei
388 1627 431 1692 ad
452 1623 667 1690 illasinsulas
689 1623 868 1704 devenisse,
897 1625 1027 1704 ignotos
1050 1625 1113 1690 sibl
1134 1625 1248 1703 torma,
1277 1625 1388 1708 lingua

148 1749 210 1797 non
232 1730 466 1810 intelligibiles,
490 1730 646 1811 religione
677 1736 711 1796 et
741 1729 829 1795 cultu
852 1728 1039 1810 dissimiles,
1060 1747 1113 1796 res
1136 1748 1211 1796 suas
1233 1729 1308 1798 illos
1331 1731 1386 1798 ab·

147 1835 282 1902 stulisse
304 1833 426 1901 frustra
447 1835 700 1902 arbitrabantur.
744 1833 809 1899 Sed
832 1839 922 1900 certa
945 1834 1193 1901 existimandum
1215 1853 1281 1902 oon
1304 1841 1386 1916 erat,

148 1946 190 2006 ut'
204 1941 312 2007 sancti
342 1939 404 2018 dei,
434 1941 489 2022 qui
517 1957 577 2020 pro
605 1939 806 2009 observanda
827 1939 957 2020 virtute,
980 1957 1020 2006 ne
1042 1938 1165 2007 illicitis
1188 1941 1387 2009 contamina-

89 2049 116 2096 15
148 2049 260 2112 rentur
292 2044 456 2125 operibus,
495 2045 722 2126 possessiones
756 2042 963 2124 patriumque
998 2043 1208 2126 reliquerant,
1246 2044 1387 2113 alienum

150 2149 272 2239 aliqud
304 2149 367 2217 sibi
394 2149 428 2214 in
456 2149 552 2216 exilio
586 2147 807 2230 respuenti
851 2147 1087 2230 Despioiebant
1114 2153 1224 2217 tamen
1250 2149 1389 2224 famulos

148 2253 199 2320 dei
220 2254 380 2334 homines,
400 2254 554 2324 vvidelicet
574 2255 702 2336 pagani,
724 2251 962 2332 servidiabcli,
985 2272 1004 2320 a
1027 2253 1088 2320 deo
1114 2253 1220 2334 alieni,
1244 2259 1278 2320 et
1300 2255 1390 2323 uelut

148 2360 447 2429 iures-etlatrones
464 2358 712 2437 absumentes,
736 2358 856 2424 multas
879 2357 1083 2442 injurioseis
1104 2358 1294 2432 interierunt.
1338 2360 1391 2428 In·

135 2464 258 2547 ¹super6
280 2464 323 2530 ud
344 2463 536 2545 preadictum
559 2465 711 2530 comitem
735 2455 909 2546 [nonerunt
926 2466 1077 2542 rogantes
1096 2462 1194 2542 nutui,
1215 2469 1255 2548 ut
1275 2479 1388 2546 super.-

90 2577 118 2624 20
150 2569 282 2640 veuoens
304 2587 377 2646 cum
398 2569 542 2642 mercitu
565 2567 706 2647 famulos
728 2568 780 2644 dei
802 2567 991 2635 trucidaret.
1057 2643 1060 2650 .

175 2706 179 2717 ·
217 2701 275 2743 *va
318 2673 481 2756 Maligous
507 2674 606 2753 igitur
634 2691 755 2753 comos·
772 2671 859 2739 filius
887 2671 1082 2755 iniquitatis,
1117 2673 1297 2746 membrum
1319 2673 1389 2742 dla-

149 2779 224 2860 boli,
245 2779 290 2851 ad
307 2781 448 2856 virtutes
469 2779 591 2864 tardus,
613 2779 654 2846 ad
676 2777 802 2860 flagitia
823 2776 926 2855 velox,
947 2776 1068 2858 iniquis
1097 2777 1317 2860 petitionibus
1337 2797 1391 2846 ac·

150 2885 322 2966 quiescens
353 2901 424 2955 ouru
451 2888 576 2951 armato
599 2881 807 2951 exereituad
826 2881 997 2962 praeiotom
1020 2881 1160 2963 insulam
1181 2881 1390 2984 properabat,

149 2993 341 3066 utsunctos
366 2988 419 3053 dei
441 2988 469 3052 si
491 2987 634 3053 invenire
657 2992 770 3067 posset
789 2988 1001 3066 extingueret.
1048 2985 1158 3052 Sancti
1175 2985 1301 3052 autenm
1322 2987 1391 3052 haec

90 3107 118 3155 ao
151 3092 304 3173 videntes,
321 3106 437 3175 specim
462 3109 537 3156 suos
558 3079 733 3169 intrabant,
754 3091 882 3178 [preces
904 3087 1059 3182 addeum
1079 3075 1392 3156 devotas'effunden-

148 3191 198 3264 te‘s
222 3217 294 3264 cum
317 3193 500 3279 lacrymis9,
518 3200 553 3260 ut
577 3194 834 3261 animabus'suis
856 3196 1003 3278 requiem
1024 3201 1183 3264 'aeternam
1207 3196 1310 3278 daret,
1334 3213 1388 3260 se·

148 3301 419 3386 portuensem
448 3301 639 3382 corporibus
667 3299 725 3368 sub
748 3299 891 3381 scopulis
915 3318 1015 3384 super
1039 3297 1310 3388 eosoadentibus
1335 3319 1390 3366 an-

149 3409 256 3489 gelioo
278 3407 444 3488 praeberet
471 3403 590 3472 officio.
634 3405 752 3485 stoque
785 3403 906 3470 iactum
939 3410 1006 3484 est3
1040 3424 1115 3472 nam
1138 3403 1291 3478 ruentes⁸
1321 3423 1391 3470 soo-

149 3513 217 3595 puli
242 3517 368 3592 [ornnon
385 3508 538 3592 pariteri⁰
560 3515 796 3590 oppresserunt
817 3514 852 3574 et
872 3514 1057 3579 sanctorum
1077 3509 1213 3588 'animas
1237 3509 1389 3575 maloiao·
1452 3519 1455 3525 '

89 3625 118 3673 ³0
151 3623 259 3682 torum
282 3613 593 3693 subtractas'iuriis,
621 3613 714 3678 coelo
735 3611 959 3680 reddiderunt.
1009 3611 1125 3695 Slcdne
1152 3614 1237 3694 regis
1264 3613 1331 3678 iilia
1358 3618 1393 3679 et

152 3723 246 3806 [post¹
265 3739 338 3788 eam
361 3720 496 3788 comites
519 3718 627 3799 eJus¹1,
649 3719 703 3804 qui
721 3717 850 3808 luerunt
871 3719 952 3785 socii
969 3719 1198 3806 tribulationis,
1223 3721 1392 3786 consortes

153 3826 272 3894 allecti«
288 3825 406 3906 gaudii,
436 3825 476 3888 de
501 3823 645 3910 cavernis
667 3829 832 3907 petrarum
855 3823 1060 3893 adducuntur
1082 3823 1138 3908 [od
1160 3823 1316 3905 palatium
1338 3841 1391 3888 re·

150 3932 209 4014 gis,
226 3926 456 4022 sempiternis,
490 3927 559 4012 [ubi
588 3926 679 4012 facie,
701 3928 741 4012 ad
768 3927 886 3994 taciem
909 3928 1006 3994 deum
1028 3927 1203 4008 intuentur,
1227 3927 1391 4012 eius-dul-

224 4181 443 4246 'harbegyndcr
461 4181 632 4242 Legendariet
650 4177 667 4240 (.
686 4216 692 4230 .
712 4176 854 4244 apertura).v
887 4177 989 4232 ²Bran
1008 4189 1110 4244 pectora
1125 4175 1159 4242 (t)
1177 4181 1239 4244 Leg.
1279 4175 1300 4232 .³
1317 4181 1391 4230 Bran.
1495 4159 1497 4165 ¹

151 4271 187 4320 ibi
204 4270 232 4319 in
250 4269 352 4336 pascuis
369 4269 431 4335 [seg.
467 4263 538 4328 ⁴,dra
553 4262 565 4330 [
581 4269 646 4332 Lag.
664 4268 779 4332 Contigit
797 4276 881 4318 antem
899 4283 958 4338 sepe
976 4283 1071 4332 pecora
1091 4284 1141 4320 non
1160 4269 1245 4337 omnia
1263 4284 1283 4317 a
1295 4283 1392 4334 posses·

150 4359 253 4410 sonibus
269 4358 387 4410 inueniri:
413 4357 507 4415 furtiua
529 4372 545 4406 a
569 4358 662 4406 sanctis
689 4357 782 4409 frustra
803 4357 964 4421 suspicantur
992 4357 1089 4408 ablata:
1120 4357 1193 4409 Brev.
1247 4351 1350 4426 ⁵rettet
1367 4356 1396 4406 ai
1446 4397 1450 4406 .
1492 4401 1493 4406 ,

118 4501 121 4504 ,
152 4425 246 4510 Lgbk,
263 4461 383 4516 usurpare
402 4445 464 4513 Lag.
501 4439 591 4508 ‘Lag
619 4445 653 4494 Et
671 4446 799 4508 venientes
818 4445 894 4494 Brcv.
931 4441 1021 4512 {Lag
1049 4446 1175 4513 rogabant
1192 4445 1264 4494 Brev.
1302 4439 1392 4511 ‘Lag

152 4533 308 4598 mgl..Brev.
345 4529 435 4597 ”Lag
455 4542 554 4583 orantes
572 4547 629 4583 cum
648 4533 776 4582 lachrimis
795 4520 923 4582 dominum
941 4535 1014 4583 Brev·
1058 4528 1081 4558 ¹⁰
1097 4533 1160 4598 Lag.
1178 4541 1300 4598 martyres
1317 4533 1392 4582 Brav.
1420 4586 1423 4592 ,

154 4618 175 4650 ¹¹
191 4619 256 4686 Lag.
274 4623 329 4673 cios
348 4623 452 4672 comites
466 4614 543 4672 rin-en.
595 4617 617 4648 ¹'
634 4622 709 4672 Brcv.
729 4623 755 4671 in
774 4621 897 4686 templum
915 4622 981 4686 rogis
999 4621 1064 4684 Lag.
1178 4619 1182 4652 ἕ
