3524 5424
396 411 435 481 16
824 410 1019 468 renonum
1035 411 1202 466 mousom

392 600 495 666 libros
519 602 634 664 contra
656 597 821 664 Christum
843 599 1004 680 evomuit3
1025 599 1078 665 bic
1101 599 1245 666 lulianus
1269 601 1423 668 seductus
1447 617 1466 666 1
1488 601 1629 684 malignis

395 704 574 787 spiritibus,
599 704 653 785 qui
675 704 779 786 cipro
792 704 1063 770 certuriotorism
1085 707 1118 770 in
1141 705 1388 790 eadempugne
1408 707 1629 789 promiserant,

395 811 512 893 quibus
535 810 607 892 ipse
630 827 723 892 paene
746 809 894 891 quotidie
911 827 976 876 non
993 810 1099 876 solum
1114 811 1211 878 bruta
1229 810 1390 892 animalia,
1410 830 1531 895 rerum,
1549 815 1629 895 quod

395 916 458 982 illis
492 915 593 980 multo
627 914 795 998 acceptius
829 921 888 996 est,
922 935 1039 1000 eorpus
1069 919 1104 982 et
1136 919 1274 984 animam
1310 934 1403 982 soom
1435 917 1630 998 immolabat,

395 1020 529 1088 accendi
563 1019 687 1086 iecerat
719 1038 832 1086 omnes
864 1040 973 1102 naues,
1008 1022 1127 1106 quibus
1159 1022 1238 1088 illuc
1269 1021 1425 1090 advectos
1453 1022 1569 1104 iuerat,
1597 1029 1668 1097 uti

395 1128 506 1194 oblate
521 1143 580 1210 spe
598 1126 782 1192 revertendi
799 1127 897 1192 corda
914 1127 1050 1194 militum
1072 1127 1112 1193 ad
1129 1145 1270 1212 pugnam
1283 1127 1453 1198 ammaret.
1486 1129 1552 1194 Sed
1568 1129 1631 1196 red-

396 1234 480 1300 didit
499 1232 657 1298 Dominus
681 1231 713 1298 in
737 1233 845 1316 capite
861 1232 1044 1320 blasphemi
1067 1232 1224 1300 malitiam
1246 1251 1355 1316 susm;
1379 1251 1453 1300 nem
1472 1235 1505 1300 in
1525 1236 1630 1302 eadem

395 1357 502 1422 pugna
527 1337 679 1404 divinitus
702 1355 888 1420 percussus,
910 1340 1058 1406 nescitur
1080 1358 1099 1404 o
1121 1357 1196 1422 quo,
1219 1357 1349 1406 manum
1374 1343 1552 1424 supposuit
1571 1342 1632 1408 vul·

395 1445 475 1524 neri,
509 1461 580 1510 oum
614 1444 746 1526 sangrris
777 1441 937 1524 efflueret,
971 1445 1157 1528 sparsitque
1185 1445 1217 1512 in
1245 1463 1323 1512 aera
1350 1463 1423 1538 oum
1452 1446 1632 1530 hujusmodi

397 1549 619 1634 blasphemia:
643 1549 757 1614 Viciu
767 1549 809 1627 ti,
823 1547 937 1630 inquit,
951 1549 1133 1616 Galilaee¹
1145 1550 1324 1632 (dominum
1337 1549 1422 1616 enim
1433 1556 1581 1620 nostrum
1592 1554 1633 1618 sio
1661 1579 1683 1631 m

397 1655 527 1722 solebat
548 1653 740 1736 appellare),
764 1661 799 1720 et
819 1655 867 1720 ite
887 1655 920 1722 in
942 1654 1040 1720 verbo
1063 1655 1273 1738 blasphemie
1294 1656 1447 1722 transivit
1469 1656 1510 1724 de
1536 1665 1633 1726 morte

396 1759 571 1846 temporali
592 1760 626 1824 in
648 1763 850 1842 perpetuom.
885 1759 1054 1826 Exercitus
1071 1759 1180 1842 igitur,
1200 1764 1239 1826 ut
1255 1759 1403 1844 diximus,
1419 1763 1632 1830 Romanorum
1724 1753 1725 1828 ἴ

397 1869 430 1936 in
455 1865 593 1932 maxima
615 1864 815 1932 necessitate
839 1866 1039 1930 constitutus
1066 1865 1258 1934 levaverunt
1285 1867 1477 1950 pradictum
1498 1866 1632 1934 Iovinia
1724 1867 1725 1914 ἶ

398 1990 474 2040 num
496 1971 600 2038 virum
622 1969 946 2037 christianissimum²
974 1971 1216 2054 imperatorem,
1244 1977 1394 2038 omatum
1416 1973 1561 2040 moribus
1583 1990 1633 2056 op·
1724 1985 1725 2050 j

398 2077 495 2158 timis,
519 2075 749 2160 promittentes
771 2093 807 2142 se
830 2093 894 2142 uno
918 2077 1025 2142 auimo
1049 2075 1245 2142 christianos
1274 2076 1361 2158 lore3
1392 2097 1465 2146 nem
1493 2078 1632 2146 Iulianus
1660 2118 1682 2164 1,
1724 2085 1726 2132 ἰ

398 2183 518 2250 multos
540 2200 560 2248 a
582 2199 660 2248 1111
681 2178 746 2246 fide
769 2185 942 2246 averterat.
987 2181 1146 2264 Suscepto
1169 2183 1279 2264 itaque
1293 2181 1481 2252 Iovinianus
1503 2182 1633 2268 imperio
1724 2185 1726 2232 ἒ

388 2307 472 2374 1111
505 2304 633 2354 summa
665 2285 826 2352 industria
858 2286 1034 2353 exercitum
1068 2287 1213 2368 abduxit,
1247 2288 1424 2354 constituto
1446 2294 1546 2372 pacto
1568 2307 1633 2356 cum

399 2393 516 2472 Persis,
539 2398 639 2474 prout
670 2391 702 2456 in
732 2390 790 2456 tali
813 2392 1013 2456 necessitate
1035 2391 1146 2458 ualuit.
1196 2392 1271 2476 Ipse
1294 2393 1391 2476 (prob
1414 2393 1522 2472 dolori
1545 2393 1633 2460 nimis

400 2503 527 2564 motura
549 2501 654 2564 morte
677 2496 769 2576 obiit,
790 2514 864 2562 nam
887 2513 951 2562 non
975 2495 1109 2562 dimidio
1126 2515 1210 2563 anno
1229 2497 1411 2579 imperavit.
1446 2499 1511 2566 Sed
1534 2517 1634 2566 rerer·

399 2611 506 2686 tamur
529 2603 569 2668 ad
593 2607 713 2668 nostro.
1661 2625 1684 2672 eo

399 2827 477 2909 Cap.
500 2823 555 2891 IX.
600 2823 702 2902 Quod
716 2823 785 2905 ejus
808 2822 965 2888 instantia
987 2840 1097 2888 comes
1121 2823 1283 2889 Oroadum
1304 2824 1410 2890 lectus
1433 2829 1485 2889 est
1508 2821 1632 2890 christi·

759 2945 842 2992 onus
863 2946 935 2993 cum
960 2929 1047 2992 omni
1065 2929 1192 3016 populo
1215 2945 1285 2996 suo.

484 3097 604 3165 Olavus
628 3114 704 3163 vero
728 3095 903 3162 discedens
928 3115 967 3162 ex
989 3096 1105 3179 Anglia
1126 3101 1215 3163 recto
1240 3117 1335 3164 cursu
1357 3099 1499 3164 tetendit
1521 3098 1562 3164 ad
1581 3095 1633 3160 Or·
1723 3169 1724 3174 ἵ

399 3202 496 3270 cadas
520 3201 653 3282 insulas,
676 3208 710 3266 et
728 3203 804 3284 quio
819 3201 899 3283 ipsos
918 3201 1074 3284 subjeotae
1092 3207 1168 3268 sunt
1186 3203 1253 3284 regi
1267 3192 1499 3286 Norwagieosi,
1522 3219 1632 3268 conve·

399 3308 655 3391 nitSigwardum
677 3308 830 3372 comitem
848 3312 884 3372 ut
900 3305 1094 3372 christianus
1112 3307 1216 3387 fieret,
1239 3309 1293 3390 qui
1312 3313 1389 3374 tunc
1410 3305 1531 3374 eisde'm
1550 3309 1633 3371 insu·
1661 3327 1683 3376 1

400 3415 440 3478 lis
464 3419 612 3495 praeerat.
659 3414 804 3495 Cumque
827 3410 882 3478 ille
902 3412 1126 3478 dissimularet
1144 3417 1178 3478 et
1195 3411 1436 3496 obloqueretur,
1456 3411 1576 3479 Olovus
1599 3427 1633 3474 eo

399 3519 503 3602 magis
526 3519 680 3584 instabat.
726 3519 768 3584 At
789 3517 845 3583 ille
867 3517 1017 3600 promisit
1039 3517 1224 3601 sequidem
1248 3520 1277 3584 ei
1300 3519 1370 3586 iore
1393 3517 1576 3600 subjectum
1603 3518 1635 3577 ut

489 3708 496 3740 ¹
514 3706 571 3762 ΔΚ.
590 3706 689 3758 Galilee
707 3708 737 3760 Β,
755 3705 900 3772 dameam)
920 3705 950 3759 S.
987 3707 996 3738 ²
1014 3707 1071 3760 Ax.
1091 3707 1305 3757 christianismum
1323 3709 1347 3760 8„

489 3887 535 3943 19.
582 3883 655 3960 Cap.
679 3874 734 3958 IX]
757 3879 978 3957 Fortmllingen
1000 3883 1172 3959 monfindca
1194 3881 1251 3940 bos
1274 3881 1343 3942 Odd
1363 3874 1451 3957 (Gap.
1479 3875 1547 3954 lo);
1569 3897 1631 3938 men

402 3991 441 4049 da
464 3989 562 4048 denne
582 3989 670 4048 iader
693 3987 767 4048 0111
788 3987 909 4048 lromme
931 3987 992 4046 fra
1019 3987 1196 4050 Ruslend
1219 3971 1254 4046 til
1272 3987 1384 4062 Norge.
1407 4001 1476 4046 maa
1496 3985 1551 4046 bos
1572 3985 1634 4042 hcm

403 4095 478 4154 Olea
500 4095 638 4169 loratage
662 4113 700 4152 en
729 4113 768 4168 ny
791 4093 882 4156 Reice
903 4093 941 4150 til
962 4091 1103 4168 England
1131 4093 1181 4152 lor
1207 4099 1241 4151 et
1268 4092 1360 4150 heato
1383 4091 1421 4150 de
1442 4090 1549 4166 issep.
1572 4085 1635 4146 iiii
1721 4171 1722 4174 Ἴ

401 4206 521 4260 1111111
551 4198 699 4274 Geistllge
730 4217 769 4273 og
800 4214 859 4274 pac
891 4198 1068 4273 Hjemveien
1101 4196 1441 4264 hristus-Orknoerne.
1486 4195 1633 4270 Rigtigero
1721 4177 1722 4182 ¹

402 4308 560 4382 gjengivea
596 4305 711 4379 Segnet
740 4305 750 4360 i
778 4303 939 4379 Jorlcscga
971 4295 1062 4372 (Flet.
1085 4302 1107 4372 I,
1133 4297 1225 4376 229),
1258 4303 1314 4362 hor
1345 4301 1514 4377 borigtigea
1547 4313 1635 4372 ogsoc

401 4410 565 4486 TbJ'odriks
588 4410 725 4484 Udeagn,
757 4413 788 4466 at
811 4408 939 4484 Sigurds
964 4408 1027 4475 Satn
1051 4407 1160 4466 skuldo
1182 4426 1261 4480 rcere
1290 4407 1348 4466 den
1373 4425 1482 4466 sonoro
1503 4403 1634 4468 beromtc

401 4503 548 4575 'l'horlinm
568 4515 632 4574 Jorl
655 4508 848 4584 (†c.1064),
871 4532 911 4588 og
933 4513 987 4572 det
1008 4513 1134 4586 tilleies,
1157 4515 1190 4572 ot
1209 4512 1335 4580 Sennea
1351 4509 1413 4570 hed
1434 4509 1565 4584 ,Hrelpr
1587 4504 1636 4564 odo

402 4617 529 4680 Hunde“
555 4639 597 4695 og·
616 4618 686 4678 med
702 4617 887 4677 Daabanavn
905 4618 1009 4678 Ledae
1034 4613 1150 4692 (nappe
1171 4617 1289 4692 rigtigt,
1310 4617 1355 4676 tbi
1379 4615 1508 4692 Sigords
1530 4611 1635 4672 boden·
1720 4653 1721 4656 ,

403 4726 457 4786 ake
481 4725 583 4784 Foder
601 4723 663 4782 hod
685 4718 815 4798 Lodrc).
