3508 5426
399 429 419 522 a
816 454 999 506 pannosus
1018 444 1220 508 assonaret.

400 642 575 707 eanonicus
607 640 716 705 Sancti
746 640 886 706 Victoris
916 639 1058 718 Parisiis,
1092 639 1140 703 vir
1173 639 1387 718 undecunque
1421 637 1636 716 doctissimus,

399 748 445 812 ita
467 745 614 811 mmninit
634 744 740 826 gentis
762 748 886 808 nostrae
909 744 940 807 in
967 744 1119 808 chronica
1139 759 1213 808 sua:
1233 741 1637 824 Northmanniinquit,

399 851 445 917 de
463 850 631 932 Scythia
648 848 847 915 inferiori
861 846 962 927 (illam
980 847 1093 928 procul
1110 847 1209 912 dubio
1228 843 1342 913 uolens
1360 835 1496 928 intelligi
1515 849 1638 929 superi-

399 975 497 1032 orem,
516 973 612 1037 quam
632 946 871 1020 noaSua'thiam
891 952 1108 1034 appellamus)
1121 953 1293 1034 egressi,
1316 952 1455 1018 classa
1476 953 1637 1019 advecti

399 1060 559 1128 Gallias
579 1061 871 1139 intrantesque
894 1075 964 1138 per
986 1057 1214 1140 Sequanam
1233 1056 1406 1122 fluvium
1426 1059 1559 1123 omnia
1580 1059 1636 1124 de·
1662 1091 1671 1136 5

396 1166 592 1249 populati
615 1168 712 1229 sunt
734 1155 848 1228 fer'ro
875 1168 917 1227 et
945 1161 1117 1228 flamma.
1174 1161 1345 1244 Sigibertis
1369 1181 1499 1245 quoque
1522 1163 1637 1246 Gyem-

395 1269 559 1337 blerensis
583 1269 760 1334 monachus
782 1269 815 1333 in
842 1268 993 1334 chronica
1022 1284 1080 1334 sua
1109 1267 1318 1334 ita-scribit:
1348 1267 1636 1350 Northmanni,

396 1377 511 1458 inquit,
533 1375 799 1457 aquilonaris
817 1393 917 1454 gans
937 1374 1207 1452 atrocissima,
1228 1373 1395 1438 advecti
1418 1373 1458 1438 in
1477 1373 1635 1440 Gallias

396 1481 535 1562 longis
556 1479 729 1546 navibus
753 1479 1022 1546 intraverunt
1039 1479 1217 1561 Ligerim
1244 1477 1411 1543 fluvium
1435 1477 1634 1546 etThuro·

396 1603 468 1652 nes
490 1603 619 1667 usque
641 1589 922 1666 pervenerunt
945 1578 1076 1650 omnia
1098 1587 1328 1650 vastantes,
1373 1585 1493 1667 Liquet
1515 1585 1633 1669 itaque,
1660 1613 1680 1662 ιι

396 1692 540 1758 virorum
573 1691 706 1772 optime,
748 1709 787 1760 cx
825 1689 877 1760 his-
915 1690 1015 1758 iuissa
1056 1691 1155 1776 eiiam
1194 1693 1269 1758 ante
1311 1694 1461 1772 tempora
1501 1689 1633 1758 Haraldi

397 1798 430 1864 in
459 1796 520 1864 hac
548 1795 696 1862 terrain
727 1794 854 1862 bellicis
886 1795 985 1862 rebus
1018 1799 1171 1878 potentes
1205 1796 1301 1876 virsa,
1337 1795 1395 1860 sed
1428 1801 1466 1861 ιιι
1498 1796 1632 1866 diximus
1684 1871 1685 1878 ἵ

394 1901 524 1968 illorum
546 1901 735 1986 memoriam
759 1900 952 1982 scriptorum
976 1900 1087 1982 inopia
1109 1900 1238 1968 delevit.
1285 1899 1450 1972 ‚Veritatis
1474 1920 1551 1971 vero
1574 1903 1633 1970 siu·

397 2007 515 2074 ceritas
539 2006 570 2074 in
592 2006 654 2070 hac
676 2010 786 2070 nostra
809 2007 996 2072 narratione
1020 2006 1061 2072 ad
1082 2006 1157 2072 illos
1177 2007 1361 2074 omnimodo
1382 2006 1556 2075 referenda
1576 2012 1631 2089 est,

395 2131 532 2196 quorum
554 2112 712 2178 relatione
734 2111 805 2176 haec
828 2111 1065 2190 annotavimus,
1080 2113 1155 2194 quia
1178 2130 1237 2180 nos
1261 2130 1324 2178 uon
1348 2113 1416 2178 visa
1440 2112 1501 2178 sed
1526 2113 1632 2179 audita
1660 2138 1679 2182 ιι

375 2213 658 2305 'conscripsimus
709 2216 939 2298 Digressiones
962 2217 1060 2285 etiam
1083 2232 1175 2282 more
1193 2213 1410 2298 ‘antiquorum
1441 2217 1632 2300 chronogra-

393 2323 532 2406 phorum
555 2341 619 2388 uon
642 2320 785 2401 inutiles
806 2326 843 2386 ut
865 2321 1070 2400 arbitramur,
1090 2322 1132 2387 ad
1156 2321 1384 2390 delectandum
1408 2321 1550 2388 animum
1572 2322 1631 2386 lea·

393 2428 475 2495 toris
496 2427 579 2494 loeis
601 2426 867 2513 competentibus
886 2426 1100 2508 adjunximus.
1153 2425 1280 2500 Vestrae
1311 2427 1411 2510 igitur
1433 2426 1630 2494 excellentiae

393 2533 600 2614 potissimum
630 2537 827 2616 presentem
857 2531 1046 2599 schedulam
1078 2532 1325 2598 examinandam
1354 2532 1511 2610 misimus
1544 2532 1630 2614 cujus

393 2638 518 2722 peritiae
543 2638 734 2705 certissimae
757 2637 878 2702 seimus
901 2653 961 2702 nec
987 2636 1029 2701 ad
1057 2639 1238 2703 resecanda
1267 2636 1431 2720 superflua
1462 2641 1629 2722 quicquam
1657 2657 1679 2702 aa

392 2742 497 2808 alore¹
518 2761 579 2810 nec
601 2739 848 2810 benivolentiae²
871 2740 913 2808 ad
936 2758 1075 2821 eaquae
1105 2748 1194 2808 reete
1223 2742 1354 2824 prolata
1383 2747 1629 2824 sunt,.compro·

390 2847 508 2912 banda.
563 2847 777 2929 Omnipotens
807 2846 887 2914 deus
920 2846 1083 2912 custodiat
1115 2849 1326 2914 sanctitatem
1360 2852 1505 2913 vestram
1537 2849 1628 2930 longo

391 2956 538 3034 tempore
560 2951 753 3018 incolumem
778 2951 924 3018 ecclesia
948 2969 1016 3016 suae
1039 2957 1172 3018 sauctae.
1220 2953 1311 3019 Vale.

844 3055 989 3138 Explicit
1013 3056 1181 3139 Proiopue

428 3225 433 3256 ¹
456 3229 543 3279 rettet.
561 3225 637 3275 affore
656 3223 732 3275 ΑΚΒ.
770 3226 780 3255 ²
803 3223 856 3276 SK.
873 3225 1060 3275 benevelentia
1078 3227 1109 3278 Δ.

389 3385 542 3441 nationale
565 3383 621 3442 No.
645 3385 727 3442 4862
752 3403 816 3442 ano.
840 3377 1047 3456 fonds),'man
1072 3384 1125 3442 dat
1145 3384 1269 3442 raelrlrsr
1292 3383 1365 3442 ikke
1395 3403 1448 3442 aaa
1480 3386 1572 3460 langt.
1613 3382 1626 3438 Ι

388 3489 466 3546 hans
488 3487 724 3564 Excerptionum
748 3489 801 3547 lib.
829 3490 876 3560 X,·
897 3509 963 3566 cap.
991 3489 1027 3546 X.
1052 3486 1146 3564 (Opp.
1173 3489 1219 3548 ad.
1243 3489 1346 3564 Migne
1360 3467 1412 3546 m
1435 3486 1511 3562 284)
1533 3495 1624 3546 ataar:

388 3593 659 3665 Northmanni‚
690 3595 808 3668 origine
832 3591 920 3664 Dani,
945 3593 1021 3651 duee
1045 3594 1177 3670 quodam
1198 3595 1325 3652 Rollona
1347 3595 1479 3666 nomine,
1504 3614 1522 3651 ι
1544 3593 1623 3664 Sey·

388 3699 472 3756 thia
493 3697 688 3756 inferiore
712 3701 867 3773 egressi
897 3703 990 3774 atque
1021 3717 1078 3774 per
1106 3720 1253 3758 oceanum
1274 3703 1365 3772 vecti,
1401 3717 1466 3756 eum
1491 3713 1622 3776 saepenu-

388 3823 471 3861 mero
495 3797 564 3860 ante
587 3808 648 3860 tam
671 3803 862 3862 Germaniam
886 3823 975 3879 quarn
998 3803 1126 3862 Galliam
1156 3825 1239 3862 more
1269 3805 1400 3880 piratico
1436 3821 1494 3879 per
1524 3801 1622 3860 ea'dem

387 3909 495 3966 oceani
521 3908 627 3965 littora
657 3913 854 3967 excurrentes
885 3909 1095 3981 infestassent,
1119 3911 1241 3968 tandem
1267 3911 1384 3986 egressi
1408 3909 1544 3979 Gelliam,
1568 3923 1623 3981 qua

386 4000 475 4087 parte
499 4013 684 4070 Britanniam
708 4015 845 4090 respicit,
869 4019 1083 4089 pervaserunt.

430 4119 457 4174 3.
504 4107 641 4192 Scythia]
666 4137 700 4174 er
723 4118 822 4175 altsaa
844 4119 923 4176 efter
946 4117 1048 4177 Foris
1071 4119 1197 4194 Mening
1216 4117 1408 4176 Faellesnavn
1430 4119 1480 4176 for
1503 4115 1620 4190 Sverige

387 4239 427 4294 og
446 4219 559 4296 Nmpe,
584 4222 668 4280 det-te
689 4221 797 4279 kaldes
821 4221 997 4294 „inferi0r“‚
1020 4224 1088 4280 hint
1111 4219 1304 4299 „superior“.

428 4327 457 4381 st.
503 4315 689 4400 Sigihertus]
721 4325 759 4383 ad
788 4347 814 4384 a.
860 4329 936 4386 853:
991 4327 1193 4386 Northmanni
1222 4349 1280 4404 per
1308 4347 1389 4385 mare
1418 4327 1620 4386 Britannicum

385 4432 466 4488 ostia
482 4429 601 4506 Ligeris
624 4433 765 4506 ingressi,
790 4427 897 4487 urbem
920 4429 1099 4489 Namnetem
1120 4434 1278 4504 invadunt,
1293 4435 1473 4509 episcopum
1496 4431 1618 4490 sabbato

385 4539 498 4592 sauctae
521 4535 645 4612 paschae
667 4534 853 4610 baptismum
876 4535 1080 4595 celebrantem
1102 4537 1268 4620 trucidant,
1288 4537 1402 4594 clerum
1422 4543 1453 4594 et
1476 4537 1619 4614 populum

383 4641 547 4715 perimunt.
593 4639 669 4697 Inde
690 4639 874 4716 indagaris,
887 4639 1141 4701 deindeTuronis
1163 4645 1325 4718 occupant,
1344 4647 1376 4700 et
1397 4647 1432 4700 ut
1454 4645 1619 4719 tempestas

384 4743 485 4801 omnia
508 4743 642 4822 diruunt.
687 4735 785 4819 (Mon.
808 4743 909 4803 Germ.
932 4745 996 4805 Ser.
1019 4747 1067 4819 VI⁴
1094 4739 1176 4818 340).

904 4853 1106 4876 -Ἢ
