3448 5428
1310 420 1373 496 tao

218 593 327 678 Lectio
349 607 384 694 tj.
428 610 572 694 Contigit
590 609 699 680 autem
722 621 757 681 vt
775 611 871 680 ambo
891 615 923 679 in
949 613 1162 696 expedionem
1186 613 1258 680 cim
1280 615 1372 680 inno-

131 735 262 785 merosa
285 717 390 784 classe
413 715 565 798 proiecti:
589 721 720 785 etinde
742 719 852 784 multis
870 719 987 802 opibus
1012 724 1049 784 et
1066 719 1206 784 nauibus
1228 719 1371 801 copiosis

130 824 324 905 locupletati
351 820 581 888 reuerteretur.
633 823 778 902 Quadam
809 842 886 906 argo
916 825 969 888 die
997 841 1070 888 cum
1098 824 1310 904 spoliainter
1336 843 1371 890 se

132 929 272 997 diuisuri
295 927 541 994 conuenissent:
564 929 676 996 videns
698 949 754 996 rex
774 929 921 1012 predatus
944 921 1079 1010 predam
1100 929 1370 995 innumerabilem

132 1051 245 1099 amore
273 1033 462 1116 cupiditatis
490 1038 661 1114 ercecatus
692 1039 758 1099 est:
788 1039 827 1101 et
854 1039 965 1100 mutue
995 1033 1166 1100 societatis
1193 1040 1228 1098 et
1255 1034 1372 1100 alterni

55 1181 59 1190 ·
130 1140 329 1205 sacramenti
356 1142 561 1218 contemptor
587 1139 741 1220 proponit
768 1140 842 1205 duci
867 1145 903 1204 vt
925 1140 1024 1219 eligat
1045 1151 1141 1204 vnum
1164 1141 1259 1220 quod.
1274 1139 1373 1206 vellet

48 1297 51 1304 r
114 1243 152 1310 'e
175 1243 318 1310 duobusr
349 1248 406 1310 aut
428 1241 523 1310 michi
542 1243 657 1324 inquit
679 1245 787 1310 omnia
808 1244 972 1325 ratioque:
995 1263 1067 1308 cum
1090 1245 1229 1310 nauibus
1250 1245 1371 1328 spolia:

113 1355 191 1414 'aut
213 1369 233 1414 a
255 1365 308 1414 me
336 1347 459 1414 laelium
486 1347 547 1412 tini
574 1348 700 1412 illatum
729 1347 920 1412 sustinebis
961 1349 1052 1414 Inter
1076 1349 1137 1414 hae
1158 1351 1286 1430 positus
1309 1351 1372 1414 dux
1451 1391 1454 1398 -

131 1454 318 1536 gottornius
336 1453 527 1538 angustias:
551 1471 615 1534 quo
638 1471 681 1519 se·
695 1458 840 1519 verteret
860 1454 1038 1520 nesciebat-
1081 1454 1278 1535 distinguere
1295 1474 1372 1537 :pre-

132 1561 208 1625 dam
231 1558 388 1624 nauibus:
418 1563 514 1639 torpe
542 1559 605 1624 sibi
636 1563 670 1624 et
697 1557 884 1623 indecorum
902 1558 1006 1623 nimis
1033 1559 1235 1624 ridebaturz‘
1251 1560 1372 1624 bellum
1453 1549 1455 1554 ’

131 1669 243 1732 autern
277 1663 444 1744 suscipere
475 1663 696 1745 periculosum
731 1663 904 1728 admodum
934 1668 1014 1728 erat.
1065 1665 1146 1730 Erat
1177 1664 1263 1728 enim
1291 1665 1377 1730 inter

131 1769 297 1838 exercitus
328 1767 459 1849 grandis
473 1767 659 1843 ,distantias
688 1786 763 1833 nam
793 1786 849 1832 rex
870 1767 1038 1849 predictus
1061 1769 1244 1850 quindecim
1274 1788 1376 1834 naues

131 1874 291 1939 habuisse
318 1873 451 1938 dicitur:
481 1873 544 1937 dux
570 1889 647 1937 vero
676 1877 803 1936 tuntum
825 1872 979 1953 quinque.
1023 1874 1096 1938 Dux
1117 1874 1229 1955 itaque
1252 1874 1377 1954 anxius,

131 1980 296 2046 biduanas
322 1977 418 2060 petijt
444 1977 594 2042 inducias
626 1979 655 2042 si
684 1975 768 2042 forte
791 1983 962 2059 tyrannum
986 1998 1004 2042 a
1026 1979 1172 2059 nequitia
1195 1979 1378 2057 excogitata

131 2083 241 2166 possit
263 2080 453 2148 (reflectere
476 2081 677 2147 oameodem
703 2081 754 2146 die
778 2087 850 2148 erat
869 2083 978 2164 vigilia
994 2083 1082 2148 beati
1107 2085 1258 2166 martyris
1282 2082 1378 2148 claui.
1419 2157 1422 2164 ‚

219 2195 301 2271 Resp.
347 2194 538 2270 Oquentua.
585 2189 637 2265 [τε
660 2211 691 2270 p.
717 2185 831 2270 22922}

219 2291 326 2356 Lectio
349 2292 397 2373 iij.
442 2291 620 2372 Postquam
642 2306 717 2356 vere
741 2292 883 2356 animum
905 2292 1036 2358 bertari
1059 2293 1155 2358 nullis
1176 2294 1285 2374 potuit
1302 2312 1377 2373 pre·
1445 2377 1450 2386 ⁵

132 2397 226 2464 cibus
258 2397 419 2485 emollire:
451 2396 550 2476 elegit
578 2395 715 2461 honeste
741 2397 851 2477 potius
879 2398 960 2462 mori
991 2416 1088 2479 quam
1120 2417 1192 2463 oum
1217 2399 1377 2462 dedecore

131 2507 226 2567 tanto
255 2508 289 2566 et
318 2501 450 2566 infamia
478 2502 529 2564 soi
558 2501 687 2581 generis
715 2501 819 2590 spolia
847 2519 913 2576 sua,
936 2520 1008 2566 cum
1030 2500 1168 2570 nauibus
1191 2503 1377 2584 relinquere

132 2613 290 2690 tyranno:
314 2608 389 2688 quia
412 2612 521 2671 tamen
535 2605 709 2670 humanum
728 2605 855 2676 deerat:
880 2606 1022 2671 diuinum
1036 2607 1191 2688 implorat
1214 2608 1376 2686 auxilium,

20 2713 22 2716 ’
132 2717 167 2778 et
189 2711 322 2777 beatum
345 2716 519 2793 martyrem
550 2710 697 2774 clauum:
724 2719 762 2772 ut
791 2711 855 2775 sibi
883 2717 1053 2776 succurrat
1081 2712 1200 2776 deuote
1223 2719 1378 2794 precatur

132 2823 168 2882 et
196 2829 321 2882 crucem
351 2821 539 2896 argenteam
569 2814 723 2896 promisit
748 2833 784 2878 se
811 2815 974 2880 ducturum
997 2816 1029 2881 in
1052 2816 1192 2882 ecclesia
1215 2818 1375 2900 martyria.

133 2921 221 3000 Quid
244 2921 368 2985 multa?
389 2921 546 2986 Ordinato
560 2919 704 2984 exercitu
720 2919 858 2984 inimicis
871 2922 1012 2986 occurrit
1034 2921 1232 3002 agminibus:
1257 2927 1291 2986 et
1313 2922 1377 2986 for·

132 3025 261 3090 tissime
285 3026 451 3091 dimicans
468 3043 532 3106 ope
561 3025 673 3088 christi
704 3029 738 3089 et
759 3025 985 3105 gloriosissimi
1006 3027 1154 3106 martyris
1177 3027 1376 3106 interuentu,

68 3151 97 3196 aa
132 3136 252 3196 totam
269 3131 480 3212 barbarorum
502 3129 743 3194 multitudinem
766 3131 960 3211 prosternit„
997 3131 1172 3212 Inopinatu
1194 3147 1271 3210 ergo
1294 3129 1376 3210 poti-

132 3241 189 3300 tos
224 3235 377 3300 victoria:
413 3253 538 3300 crucem
570 3233 862 3313 tecttargenteam
892 3235 972 3300 orire
998 3235 1250 3316 magnitudinis:
1280 3234 1376 3312 longe

132 3341 267 3405 humani
294 3339 440 3420 corpeus
467 3338 596 3403 modum
621 3339 855 3404 excedentem:
887 3345 921 3404 et
948 3343 1060 3421 posuit
1082 3359 1152 3406 eam
1176 3341 1207 3404 in
1231 3339 1375 3403 ecclesia

132 3445 223 3510 beati
247 3444 396 3526 martyris
420 3443 461 3508 ad
489 3461 607 3524 corpus
636 3441 704 3507 eius
738 3445 769 3507 in
804 3444 905 3509 diuini
932 3445 1102 3526 triumphi:
1137 3450 1170 3509 et
1203 3443 1374 3524 inopinate

134 3549 271 3614 victorie
293 3567 390 3630 quam
412 3550 608 3630 permerito
632 3549 707 3614 eius·
724 3548 911 3614 obtinuerat
934 3550 1175 3615 monimentum.

69 3672 100 3717 30
221 3660 304 3736 Raop.
347 3662 460 3719 Iustus.
507 3651 560 3736 [=
583 3643 751 3738 p.·233³⁹]'.
822 3714 828 3718 .
1138 3657 1140 3662 ’

221 3759 277 3822 Ad
298 3758 409 3822 laudes
429 3762 462 3821 ot
483 3760 518 3822 a'o
540 3757 590 3823 die
613 3763 732 3824 coacto.
852 3823 854 3828 .

101 3867 103 3870 ¹
220 3874 368 3948 antiplroao
389 3891 470 3946 super·
491 3872 661 3930 Benedictus.
705 3863 836 3948 Egregie
863 3871 912 3930 dei
934 3877 1048 3946 martyr
1071 3895 1123 3932 rex
1147 3875 1236 3932 olaue
1261 3880 1375 3950 quanto

134 3977 260 4038 laudum
276 3979 423 4054 preconio
437 3977 629 4036 extollendus
646 3995 692 4036 as:
717 3979 769 4052 qui
791 3955 952 4052 prasentia
969 3981 1155 4060 sanctissimi
1177 3982 1222 4041 tui
1237 3982 1375 4056 corporis

135 4084 275 4143 ostendis
299 4082 601 4158 quantumvaleaein
614 4083 687 4144 colis
707 4093 776 4140 nom
796 4083 1030 4158 cgriss'ospitas
1054 4085 1211 4145 redditae:
1235 4086 1374 4160 priuatus

71 4193 102 4238 ³5
136 4189 241 4264 lingue
261 4189 416 4264 loquitur:
438 4187 589 4262 pluraque
612 4185 762 4245 beneficia
783 4189 959 4246 meritorum
982 4187 1187 4248 declarantur.

224 4283 345 4348 Oratio.
390 4283 604 4364 OMnipotens
625 4284 822 4364 sempiterne
847 4283 940 4348 deus:
964 4283 1169 4350 maiestatem
1188 4292 1276 4356 tuan
1300 4306 1375 4367 sup-

135 4388 267 4469 pliciter
289 4405 475 4453 exorcmus:
504 4392 539 4451 vt
566 4389 651 4452 sicut
679 4389 795 4452 beatus
819 4389 933 4452 clauus
957 4393 1022 4454 tua.
1037 4391 1243 4468 prouidentia
1265 4410 1322 4455 rex
1344 4390 1375 4453 in

136 4492 232 4558 terris
257 4493 365 4557 extitit
384 4491 579 4556 catholicus:
603 4492 649 4555 ita
671 4493 755 4572 apud
779 4497 865 4556 tuam
891 4493 924 4555 in
947 4492 1026 4557 celis
1042 4494 1297 4559 misericordiam
1315 4513 1374 4574 pro

136 4597 230 4662 uobis
253 4597 452 4661 intercessor
474 4595 517 4659 sit
546 4595 617 4676 ipse
640 4602 831 4677 perpetuus
888 4585 891 4594 ’
915 4587 918 4593 '

71 4713 103 4758 ao
223 4699 277 4764 De
295 4701 491 4782 naortyra'das
511 4701 693 4780 antiplona.
740 4709 962 4769 Ovenrranda
982 4713 1167 4784 mariarum·
1201 4702 1250 4776 dir.
1272 4703 1307 4784 tj.
