<?xml version="1.0" encoding="UTF-8"?>
<!DOCTYPE html PUBLIC "-//W3C//DTD XHTML 1.0 Transitional//EN"
    "http://www.w3.org/TR/xhtml1/DTD/xhtml1-transitional.dtd">
<html xmlns="http://www.w3.org/1999/xhtml" xml:lang="en" lang="en">
 <head>
  <title>
</title>
<meta http-equiv="Content-Type" content="text/html;charset=utf-8" />
  <meta name='ocr-system' content='tesseract 3.04.00' />
  <meta name='ocr-capabilities' content='ocr_page ocr_carea ocr_par ocr_line ocrx_word'/>
</head>
<body>
  <div class='ocr_page' id='page_1' title='image "./monumentahistor00storgoog/monumentahistor00storgoog_0357.png"; bbox 0 0 3448 5428; ppageno 0'>
   <div class='ocr_carea' id='block_1_1' title="bbox 77 1019 103 1063">
    <p class='ocr_par' dir='ltr' id='par_1_1' title="bbox 77 1019 103 1063">
     <span class='ocr_line' id='line_1_1' title="bbox 77 1019 103 1063; baseline 0 0"><span class='ocrx_word' id='word_1_1' title='bbox 77 1055 80 1063; x_wconf 77' lang='lat'><strong>.</strong></span> <span class='ocrx_word' id='word_1_2' title='bbox 89 1019 103 1063; x_wconf 88' lang='lat'>5</span> 
     </span>
    </p>
   </div>
   <div class='ocr_carea' id='block_1_2' title="bbox 73 1539 102 1585">
    <p class='ocr_par' dir='ltr' id='par_1_2' title="bbox 73 1539 102 1585">
     <span class='ocr_line' id='line_1_2' title="bbox 73 1539 102 1585; baseline 0.034 -1"><span class='ocrx_word' id='word_1_3' title='bbox 73 1539 102 1585; x_wconf 83' lang='grc'><strong>10</strong></span> 
     </span>
    </p>
   </div>
   <div class='ocr_carea' id='block_1_3' title="bbox 73 2077 102 2124">
    <p class='ocr_par' dir='ltr' id='par_1_3' title="bbox 73 2077 102 2124">
     <span class='ocr_line' id='line_1_3' title="bbox 73 2077 102 2124; baseline 0.034 -1"><span class='ocrx_word' id='word_1_4' title='bbox 73 2077 102 2124; x_wconf 80' lang='lat'><strong>15</strong></span> 
     </span>
    </p>
   </div>
   <div class='ocr_carea' id='block_1_4' title="bbox 134 588 1384 2568">
    <p class='ocr_par' dir='ltr' id='par_1_4' title="bbox 134 588 1375 1291">
     <span class='ocr_line' id='line_1_4' title="bbox 138 588 1374 674; baseline 0.001 -18"><span class='ocrx_word' id='word_1_5' title='bbox 138 591 327 662; x_wconf 84' lang='lat' dir='ltr'><strong>commendo</strong></span> <span class='ocrx_word' id='word_1_6' title='bbox 347 590 498 674; x_wconf 86' lang='lat' dir='ltr'><strong>spiritum</strong></span> <span class='ocrx_word' id='word_1_7' title='bbox 521 610 639 672; x_wconf 87' lang='lat' dir='ltr'><strong>meum,</strong></span> <span class='ocrx_word' id='word_1_8' title='bbox 661 589 806 658; x_wconf 80' lang='lat' dir='ltr'><strong>lanceam</strong></span> <span class='ocrx_word' id='word_1_9' title='bbox 830 610 961 674; x_wconf 81' lang='lat' dir='ltr'><strong>quoque</strong></span> <span class='ocrx_word' id='word_1_10' title='bbox 982 590 1078 658; x_wconf 83' lang='lat' dir='ltr'><strong>lateri</strong></span> <span class='ocrx_word' id='word_1_11' title='bbox 1099 588 1170 657; x_wconf 87' lang='lat' dir='ltr'><strong>eius</strong></span> <span class='ocrx_word' id='word_1_12' title='bbox 1190 588 1374 658; x_wconf 78' lang='lat' dir='ltr'><strong>influerent.</strong></span> 
     </span>
     <span class='ocr_line' id='line_1_5' title="bbox 137 694 1374 779; baseline 0 -17"><span class='ocrx_word' id='word_1_13' title='bbox 137 697 226 764; x_wconf 85' lang='lat' dir='ltr'><strong>Tunc</strong></span> <span class='ocrx_word' id='word_1_14' title='bbox 260 700 457 762; x_wconf 79' lang='lat' dir='ltr'><strong>terremotus</strong></span> <span class='ocrx_word' id='word_1_15' title='bbox 491 695 598 762; x_wconf 83' lang='lat' dir='ltr'><strong>laetus</strong></span> <span class='ocrx_word' id='word_1_16' title='bbox 630 699 682 761; x_wconf 89' lang='lat' dir='ltr'><strong>est</strong></span> <span class='ocrx_word' id='word_1_17' title='bbox 713 715 848 778; x_wconf 77' lang='lat' dir='ltr'><strong>magnus</strong></span> <span class='ocrx_word' id='word_1_18' title='bbox 876 715 936 779; x_wconf 88' lang='lat' dir='ltr'><strong>per</strong></span> <span class='ocrx_word' id='word_1_19' title='bbox 964 700 1074 762; x_wconf 86' lang='lat' dir='ltr'><strong>totam</strong></span> <span class='ocrx_word' id='word_1_20' title='bbox 1094 694 1184 760; x_wconf 88' lang='lat' dir='ltr'><strong>illam</strong></span> <span class='ocrx_word' id='word_1_21' title='bbox 1207 694 1374 762; x_wconf 88' lang='lat' dir='ltr'><strong>ciuitatem</strong></span> 
     </span>
     <span class='ocr_line' id='line_1_6' title="bbox 137 799 1375 881; baseline 0 -15"><span class='ocrx_word' id='word_1_22' title='bbox 137 799 304 868; x_wconf 85' lang='lat' dir='ltr'><strong>Oiclestdh</strong></span> <span class='ocrx_word' id='word_1_23' title='bbox 335 801 382 866; x_wconf 87' lang='lat' dir='ltr'><strong>ita</strong></span> <span class='ocrx_word' id='word_1_24' title='bbox 404 805 440 868; x_wconf 91' lang='lat' dir='ltr'><strong>ut</strong></span> <span class='ocrx_word' id='word_1_25' title='bbox 462 801 564 868; x_wconf 90' lang='lat' dir='ltr'><strong>multa</strong></span> <span class='ocrx_word' id='word_1_26' title='bbox 584 801 713 868; x_wconf 88' lang='lat' dir='ltr'><strong>edificia</strong></span> <span class='ocrx_word' id='word_1_27' title='bbox 742 807 942 868; x_wconf 88' lang='lat' dir='ltr'><strong>corruerunt.</strong></span> <span class='ocrx_word' id='word_1_28' title='bbox 988 801 1117 881; x_wconf 82' lang='lat' dir='ltr'><strong>[Tereia</strong></span> <span class='ocrx_word' id='word_1_29' title='bbox 1137 818 1217 867; x_wconf 88' lang='lat' dir='ltr'><strong>uero</strong></span> <span class='ocrx_word' id='word_1_30' title='bbox 1241 800 1295 866; x_wconf 88' lang='lat' dir='ltr'><strong>die</strong></span> <span class='ocrx_word' id='word_1_31' title='bbox 1316 817 1375 866; x_wconf 88' lang='lat' dir='ltr'><strong>uo·</strong></span> 
     </span>
     <span class='ocr_line' id='line_1_7' title="bbox 136 905 1375 988; baseline 0.001 -17"><span class='ocrx_word' id='word_1_32' title='bbox 136 905 267 972; x_wconf 85' lang='lat' dir='ltr'><strong>luerunt</strong></span> <span class='ocrx_word' id='word_1_33' title='bbox 287 907 405 988; x_wconf 80' lang='lat' dir='ltr'><strong>pagani</strong></span> <span class='ocrx_word' id='word_1_34' title='bbox 428 923 544 988; x_wconf 88' lang='lat' dir='ltr'><strong>corpus</strong></span> <span class='ocrx_word' id='word_1_35' title='bbox 568 907 637 972; x_wconf 83' lang='lat' dir='ltr'><strong>eius</strong></span> <span class='ocrx_word' id='word_1_36' title='bbox 661 906 862 974; x_wconf 76' lang='lat' dir='ltr'><strong>comburere.</strong></span> <span class='ocrx_word' id='word_1_37' title='bbox 886 906 945 972; x_wconf 87' lang='lat' dir='ltr'><strong>sed</strong></span> <span class='ocrx_word' id='word_1_38' title='bbox 966 906 1046 971; x_wconf 88' lang='lat' dir='ltr'><strong>illud</strong></span> <span class='ocrx_word' id='word_1_39' title='bbox 1068 905 1223 970; x_wconf 87' lang='lat' dir='ltr'><strong>intactum</strong></span> <span class='ocrx_word' id='word_1_40' title='bbox 1245 905 1278 971; x_wconf 88' lang='lat' dir='ltr'><strong>lu</strong></span> <span class='ocrx_word' id='word_1_41' title='bbox 1300 905 1375 986; x_wconf 78' lang='lat' dir='ltr'><strong>iguo</strong></span> 
     </span>
     <span class='ocr_line' id='line_1_8' title="bbox 134 1009 1375 1094; baseline 0.005 -24"><span class='ocrx_word' id='word_1_42' title='bbox 134 1010 326 1092; x_wconf 77' lang='lat' dir='ltr'><strong>permansit.</strong></span> <span class='ocrx_word' id='word_1_43' title='bbox 369 1010 418 1076; x_wconf 89' lang='lat' dir='ltr'><strong>De</strong></span> <span class='ocrx_word' id='word_1_44' title='bbox 452 1010 613 1078; x_wconf 75' lang='lat' dir='ltr'><strong>cineribus</strong></span> <span class='ocrx_word' id='word_1_45' title='bbox 647 1016 757 1078; x_wconf 85' lang='lat' dir='ltr'><strong>autom</strong></span> <span class='ocrx_word' id='word_1_46' title='bbox 790 1011 874 1091; x_wconf 86' lang='lat' dir='ltr'><strong>ignis</strong></span> <span class='ocrx_word' id='word_1_47' title='bbox 897 1011 994 1076; x_wconf 88' lang='lat' dir='ltr'><strong>draco</strong></span> <span class='ocrx_word' id='word_1_48' title='bbox 1016 1009 1171 1076; x_wconf 86' lang='lat' dir='ltr'><strong>terribilis</strong></span> <span class='ocrx_word' id='word_1_49' title='bbox 1194 1010 1304 1094; x_wconf 84' lang='lat' dir='ltr'><strong>uenit.</strong></span> <span class='ocrx_word' id='word_1_50' title='bbox 1319 1009 1375 1092; x_wconf 88' lang='lat' dir='ltr'><strong>qui</strong></span> 
     </span>
     <span class='ocr_line' id='line_1_9' title="bbox 137 1114 1375 1198; baseline -0.001 -17"><span class='ocrx_word' id='word_1_51' title='bbox 137 1134 324 1197; x_wconf 80' lang='lat' dir='ltr'><strong>germanum</strong></span> <span class='ocrx_word' id='word_1_52' title='bbox 349 1115 454 1180; x_wconf 88' lang='lat' dir='ltr'><strong>sancti</strong></span> <span class='ocrx_word' id='word_1_53' title='bbox 476 1115 539 1183; x_wconf 89' lang='lat' dir='ltr'><strong>uiri</strong></span> <span class='ocrx_word' id='word_1_54' title='bbox 561 1134 632 1182; x_wconf 92' lang='lat' dir='ltr'><strong>cum</strong></span> <span class='ocrx_word' id='word_1_55' title='bbox 656 1116 765 1182; x_wconf 89' lang='lat' dir='ltr'><strong>multis</strong></span> <span class='ocrx_word' id='word_1_56' title='bbox 786 1116 974 1182; x_wconf 64' lang='lat' dir='ltr'><strong>interiecti</strong></span> <span class='ocrx_word' id='word_1_57' title='bbox 1005 1121 1141 1198; x_wconf 89' lang='lat' dir='ltr'><strong>propter</strong></span> <span class='ocrx_word' id='word_1_58' title='bbox 1171 1114 1258 1196; x_wconf 87' lang='lat' dir='ltr'><strong>quod</strong></span> <span class='ocrx_word' id='word_1_59' title='bbox 1280 1114 1375 1180; x_wconf 87' lang='lat' dir='ltr'><strong>mira·</strong></span> 
     </span>
     <span class='ocr_line' id='line_1_10' title="bbox 138 1220 883 1291; baseline -0.001 -4"><span class='ocrx_word' id='word_1_60' title='bbox 138 1220 245 1291; x_wconf 86' lang='lat' dir='ltr'><strong>culum</strong></span> <span class='ocrx_word' id='word_1_61' title='bbox 268 1221 362 1286; x_wconf 90' lang='lat' dir='ltr'><strong>multi</strong></span> <span class='ocrx_word' id='word_1_62' title='bbox 385 1221 426 1286; x_wconf 82' lang='lat' dir='ltr'><strong>acl</strong></span> <span class='ocrx_word' id='word_1_63' title='bbox 450 1221 604 1287; x_wconf 87' lang='lat' dir='ltr'><strong>christum</strong></span> <span class='ocrx_word' id='word_1_64' title='bbox 627 1227 703 1286; x_wconf 89' lang='lat' dir='ltr'><strong>sunt</strong></span> <span class='ocrx_word' id='word_1_65' title='bbox 723 1221 883 1288; x_wconf 84' lang='lat' dir='ltr'><strong>conuersi.</strong></span> 
     </span>
    </p>

    <p class='ocr_par' dir='ltr' id='par_1_5' title="bbox 135 1324 1384 2568">
     <span class='ocr_line' id='line_1_11' title="bbox 223 1324 1375 1394; baseline -0.001 -3"><span class='ocrx_word' id='word_1_66' title='bbox 223 1326 262 1391; x_wconf 91' lang='lat' dir='ltr'><strong>D.</strong></span> <span class='ocrx_word' id='word_1_67' title='bbox 295 1326 376 1392; x_wconf 91' lang='lat' dir='ltr'><strong>Post</strong></span> <span class='ocrx_word' id='word_1_68' title='bbox 394 1330 531 1393; x_wconf 89' lang='lat' dir='ltr'><strong>mortem</strong></span> <span class='ocrx_word' id='word_1_69' title='bbox 548 1342 629 1392; x_wconf 86' lang='lat' dir='ltr'><strong>uero</strong></span> <span class='ocrx_word' id='word_1_70' title='bbox 647 1326 752 1392; x_wconf 88' lang='lat' dir='ltr'><strong>sancti</strong></span> <span class='ocrx_word' id='word_1_71' title='bbox 771 1325 875 1392; x_wconf 91' lang='lat' dir='ltr'><strong>Olaui.</strong></span> <span class='ocrx_word' id='word_1_72' title='bbox 900 1326 979 1394; x_wconf 87' lang='lat' dir='ltr'><strong>dous</strong></span> <span class='ocrx_word' id='word_1_73' title='bbox 1002 1325 1105 1392; x_wconf 85' lang='lat' dir='ltr'><strong>multa</strong></span> <span class='ocrx_word' id='word_1_74' title='bbox 1128 1324 1284 1390; x_wconf 88' lang='lat' dir='ltr'><strong>miracula</strong></span> <span class='ocrx_word' id='word_1_75' title='bbox 1303 1325 1375 1390; x_wconf 86' lang='lat' dir='ltr'><strong>eius</strong></span> 
     </span>
     <span class='ocr_line' id='line_1_12' title="bbox 137 1430 1376 1514; baseline -0.001 -18"><span class='ocrx_word' id='word_1_76' title='bbox 137 1431 262 1500; x_wconf 89' lang='lat' dir='ltr'><strong>moritis</strong></span> <span class='ocrx_word' id='word_1_77' title='bbox 281 1436 435 1512; x_wconf 88' lang='lat' dir='ltr'><strong>operatus</strong></span> <span class='ocrx_word' id='word_1_78' title='bbox 455 1435 506 1498; x_wconf 88' lang='lat' dir='ltr'><strong>cst</strong></span> <span class='ocrx_word' id='word_1_79' title='bbox 538 1431 666 1496; x_wconf 82' lang='lat' dir='ltr'><strong>Accidit</strong></span> <span class='ocrx_word' id='word_1_80' title='bbox 682 1431 767 1498; x_wconf 84' lang='lat' dir='ltr'><strong>enim</strong></span> <span class='ocrx_word' id='word_1_81' title='bbox 783 1437 958 1513; x_wconf 89' lang='lat' dir='ltr'><strong>postquam</strong></span> <span class='ocrx_word' id='word_1_82' title='bbox 976 1448 1095 1514; x_wconf 91' lang='lat' dir='ltr'><strong>corpus</strong></span> <span class='ocrx_word' id='word_1_83' title='bbox 1107 1431 1179 1496; x_wconf 92' lang='lat' dir='ltr'><strong>eius</strong></span> <span class='ocrx_word' id='word_1_84' title='bbox 1191 1430 1376 1512; x_wconf 86' lang='lat' dir='ltr'><strong>depositum</strong></span> 
     </span>
     <span class='ocr_line' id='line_1_13' title="bbox 139 1537 1378 1622; baseline -0.002 -18"><span class='ocrx_word' id='word_1_85' title='bbox 139 1539 213 1604; x_wconf 78' lang='lat' dir='ltr'><strong>erat</strong></span> <span class='ocrx_word' id='word_1_86' title='bbox 232 1537 274 1602; x_wconf 84' lang='lat' dir='ltr'><strong>de</strong></span> <span class='ocrx_word' id='word_1_87' title='bbox 297 1554 392 1602; x_wconf 75' lang='lat' dir='ltr'><strong>cruce</strong></span> <span class='ocrx_word' id='word_1_88' title='bbox 424 1548 459 1604; x_wconf 84' lang='lat' dir='ltr'><strong>ut</strong></span> <span class='ocrx_word' id='word_1_89' title='bbox 492 1564 510 1602; x_wconf 91' lang='lat' dir='ltr'><strong>a</strong></span> <span class='ocrx_word' id='word_1_90' title='bbox 542 1547 689 1605; x_wconf 78' lang='lat' dir='ltr'><strong>ministris</strong></span> <span class='ocrx_word' id='word_1_91' title='bbox 717 1544 873 1622; x_wconf 79' lang='lat' dir='ltr'><strong>regalibus</strong></span> <span class='ocrx_word' id='word_1_92' title='bbox 902 1546 1069 1604; x_wconf 85' lang='lat' dir='ltr'><strong>leuaretur.</strong></span> <span class='ocrx_word' id='word_1_93' title='bbox 1102 1549 1134 1603; x_wconf 89' lang='lat' dir='ltr'><strong>et</strong></span> <span class='ocrx_word' id='word_1_94' title='bbox 1162 1544 1302 1620; x_wconf 82' lang='lat' dir='ltr'><strong>proiecta</strong></span> <span class='ocrx_word' id='word_1_95' title='bbox 1329 1547 1378 1603; x_wconf 88' lang='lat' dir='ltr'><strong>est</strong></span> 
     </span>
     <span class='ocr_line' id='line_1_14' title="bbox 137 1648 1381 1727; baseline 0 -19"><span class='ocrx_word' id='word_1_96' title='bbox 137 1668 219 1726; x_wconf 88' lang='lat' dir='ltr'><strong>aqua</strong></span> <span class='ocrx_word' id='word_1_97' title='bbox 240 1651 334 1710; x_wconf 79' lang='lat' dir='ltr'><strong>mixta</strong></span> <span class='ocrx_word' id='word_1_98' title='bbox 359 1651 507 1725; x_wconf 84' lang='lat' dir='ltr'><strong>sanguine</strong></span> <span class='ocrx_word' id='word_1_99' title='bbox 530 1654 601 1708; x_wconf 87' lang='lat' dir='ltr'><strong>ante</strong></span> <span class='ocrx_word' id='word_1_100' title='bbox 625 1653 736 1710; x_wconf 89' lang='lat' dir='ltr'><strong>ostium</strong></span> <span class='ocrx_word' id='word_1_101' title='bbox 761 1651 880 1710; x_wconf 90' lang='lat' dir='ltr'><strong>domus.</strong></span> <span class='ocrx_word' id='word_1_102' title='bbox 925 1650 1022 1710; x_wconf 87' lang='lat' dir='ltr'><strong>Gecus</strong></span> <span class='ocrx_word' id='word_1_103' title='bbox 1046 1653 1148 1709; x_wconf 88' lang='lat' dir='ltr'><strong>autem</strong></span> <span class='ocrx_word' id='word_1_104' title='bbox 1166 1649 1292 1727; x_wconf 88' lang='lat' dir='ltr'><strong>quidam</strong></span> <span class='ocrx_word' id='word_1_105' title='bbox 1308 1648 1381 1710; x_wconf 86' lang='lat' dir='ltr'><strong>iude</strong></span> 
     </span>
     <span class='ocr_line' id='line_1_15' title="bbox 136 1753 1381 1833; baseline -0.002 -19"><span class='ocrx_word' id='word_1_106' title='bbox 136 1757 293 1816; x_wconf 86' lang='lat' dir='ltr'><strong>transiens</strong></span> <span class='ocrx_word' id='word_1_107' title='bbox 316 1755 483 1832; x_wconf 84' lang='lat' dir='ltr'><strong>prolapsus</strong></span> <span class='ocrx_word' id='word_1_108' title='bbox 518 1759 567 1814; x_wconf 86' lang='lat' dir='ltr'><strong>est</strong></span> <span class='ocrx_word' id='word_1_109' title='bbox 598 1756 630 1813; x_wconf 91' lang='lat' dir='ltr'><strong>in</strong></span> <span class='ocrx_word' id='word_1_110' title='bbox 659 1756 758 1817; x_wconf 88' lang='lat' dir='ltr'><strong>lecum</strong></span> <span class='ocrx_word' id='word_1_111' title='bbox 791 1757 843 1832; x_wconf 89' lang='lat' dir='ltr'><strong>qui</strong></span> <span class='ocrx_word' id='word_1_112' title='bbox 866 1756 966 1815; x_wconf 88' lang='lat' dir='ltr'><strong>adhuc</strong></span> <span class='ocrx_word' id='word_1_113' title='bbox 990 1775 1028 1814; x_wconf 85' lang='lat' dir='ltr'><strong>ex</strong></span> <span class='ocrx_word' id='word_1_114' title='bbox 1048 1755 1104 1816; x_wconf 88' lang='lat' dir='ltr'><strong>tali</strong></span> <span class='ocrx_word' id='word_1_115' title='bbox 1126 1773 1207 1833; x_wconf 85' lang='lat' dir='ltr'><strong>equa</strong></span> <span class='ocrx_word' id='word_1_116' title='bbox 1228 1753 1381 1814; x_wconf 80' lang='lat' dir='ltr'><strong>madebat</strong></span> 
     </span>
     <span class='ocr_line' id='line_1_16' title="bbox 136 1859 1382 1938; baseline -0.002 -16"><span class='ocrx_word' id='word_1_117' title='bbox 136 1861 265 1938; x_wconf 82' lang='lat' dir='ltr'><strong>Tumque</strong></span> <span class='ocrx_word' id='word_1_118' title='bbox 296 1859 409 1936; x_wconf 77' lang='lat' dir='ltr'><strong>digitos</strong></span> <span class='ocrx_word' id='word_1_119' title='bbox 438 1880 511 1920; x_wconf 91' lang='lat' dir='ltr'><strong>suos</strong></span> <span class='ocrx_word' id='word_1_120' title='bbox 540 1859 728 1920; x_wconf 86' lang='lat' dir='ltr'><strong>madefactos</strong></span> <span class='ocrx_word' id='word_1_121' title='bbox 752 1861 859 1920; x_wconf 88' lang='lat' dir='ltr'><strong>eadem</strong></span> <span class='ocrx_word' id='word_1_122' title='bbox 882 1879 963 1938; x_wconf 85' lang='lat' dir='ltr'><strong>aqua</strong></span> <span class='ocrx_word' id='word_1_123' title='bbox 985 1861 1024 1920; x_wconf 82' lang='lat' dir='ltr'><strong>sd</strong></span> <span class='ocrx_word' id='word_1_124' title='bbox 1053 1859 1159 1919; x_wconf 78' lang='lat' dir='ltr'><strong>cemos</strong></span> <span class='ocrx_word' id='word_1_125' title='bbox 1191 1879 1262 1920; x_wconf 89' lang='lat' dir='ltr'><strong>suos</strong></span> <span class='ocrx_word' id='word_1_126' title='bbox 1293 1859 1382 1920; x_wconf 85' lang='lat' dir='ltr'><strong>redu·</strong></span> 
     </span>
     <span class='ocr_line' id='line_1_17' title="bbox 137 1963 1383 2044; baseline -0.003 -16"><span class='ocrx_word' id='word_1_127' title='bbox 137 1967 246 2028; x_wconf 70' lang='lat' dir='ltr'><strong>sisset.</strong></span> <span class='ocrx_word' id='word_1_128' title='bbox 268 1965 340 2026; x_wconf 90' lang='lat' dir='ltr'><strong>ilico</strong></span> <span class='ocrx_word' id='word_1_129' title='bbox 359 1965 483 2024; x_wconf 86' lang='lat' dir='ltr'><strong>detersa</strong></span> <span class='ocrx_word' id='word_1_130' title='bbox 500 1965 628 2042; x_wconf 76' lang='lat' dir='ltr'><strong>caligine</strong></span> <span class='ocrx_word' id='word_1_131' title='bbox 651 1967 753 2024; x_wconf 87' lang='lat' dir='ltr'><strong>lumen</strong></span> <span class='ocrx_word' id='word_1_132' title='bbox 774 1967 939 2044; x_wconf 87' lang='lat' dir='ltr'><strong>pristinum</strong></span> <span class='ocrx_word' id='word_1_133' title='bbox 960 1967 1089 2042; x_wconf 85' lang='lat' dir='ltr'><strong>recepit.</strong></span> <span class='ocrx_word' id='word_1_134' title='bbox 1134 1963 1304 2042; x_wconf 74' lang='lat' dir='ltr'><strong>Obstupuit</strong></span> <span class='ocrx_word' id='word_1_135' title='bbox 1325 1965 1383 2042; x_wconf 78' lang='lat' dir='ltr'><strong>igi·</strong></span> 
     </span>
     <span class='ocr_line' id='line_1_18' title="bbox 138 2069 1384 2148; baseline -0.003 -16"><span class='ocrx_word' id='word_1_136' title='bbox 138 2075 193 2132; x_wconf 83' lang='lat' dir='ltr'><strong>tus</strong></span> <span class='ocrx_word' id='word_1_137' title='bbox 214 2071 411 2132; x_wconf 88' lang='lat' dir='ltr'><strong>uehementer</strong></span> <span class='ocrx_word' id='word_1_138' title='bbox 431 2071 463 2128; x_wconf 92' lang='lat' dir='ltr'><strong>in</strong></span> <span class='ocrx_word' id='word_1_139' title='bbox 494 2069 670 2146; x_wconf 82' lang='lat' dir='ltr'><strong>quatiebat</strong></span> <span class='ocrx_word' id='word_1_140' title='bbox 699 2071 877 2130; x_wconf 73' lang='lat' dir='ltr'><strong>miraculum</strong></span> <span class='ocrx_word' id='word_1_141' title='bbox 907 2074 939 2129; x_wconf 88' lang='lat' dir='ltr'><strong>ot</strong></span> <span class='ocrx_word' id='word_1_142' title='bbox 961 2071 998 2130; x_wconf 85' lang='lat' dir='ltr'><strong>dc</strong></span> <span class='ocrx_word' id='word_1_143' title='bbox 1023 2072 1118 2130; x_wconf 90' lang='lat' dir='ltr'><strong>cuius.</strong></span> <span class='ocrx_word' id='word_1_144' title='bbox 1133 2071 1280 2148; x_wconf 74' lang='lat' dir='ltr'><strong>sanguine</strong></span> <span class='ocrx_word' id='word_1_145' title='bbox 1304 2089 1384 2147; x_wconf 86' lang='lat' dir='ltr'><strong>aqua</strong></span> 
     </span>
     <span class='ocr_line' id='line_1_19' title="bbox 136 2175 1383 2253; baseline 0 -19"><span class='ocrx_word' id='word_1_146' title='bbox 136 2193 285 2253; x_wconf 79' lang='lat' dir='ltr'><strong>respersa</strong></span> <span class='ocrx_word' id='word_1_147' title='bbox 303 2176 418 2238; x_wconf 82' lang='lat' dir='ltr'><strong>fuisset</strong></span> <span class='ocrx_word' id='word_1_148' title='bbox 440 2176 554 2238; x_wconf 78' lang='lat' dir='ltr'><strong>certius</strong></span> <span class='ocrx_word' id='word_1_149' title='bbox 576 2175 750 2252; x_wconf 77' lang='lat' dir='ltr'><strong>explorans.</strong></span> <span class='ocrx_word' id='word_1_150' title='bbox 775 2195 808 2234; x_wconf 89' lang='lat' dir='ltr'><strong>se</strong></span> <span class='ocrx_word' id='word_1_151' title='bbox 831 2195 889 2252; x_wconf 78' lang='lat' dir='ltr'><strong>per</strong></span> <span class='ocrx_word' id='word_1_152' title='bbox 910 2177 1020 2234; x_wconf 85' lang='lat' dir='ltr'><strong>merita</strong></span> <span class='ocrx_word' id='word_1_153' title='bbox 1040 2175 1126 2236; x_wconf 85' lang='lat' dir='ltr'><strong>beati</strong></span> <span class='ocrx_word' id='word_1_154' title='bbox 1143 2175 1261 2234; x_wconf 76' lang='lat' dir='ltr'><strong>martiri</strong></span> <span class='ocrx_word' id='word_1_155' title='bbox 1281 2176 1383 2235; x_wconf 85' lang='lat' dir='ltr'><strong>uisum</strong></span> 
     </span>
     <span class='ocr_line' id='line_1_20' title="bbox 135 2279 1384 2359; baseline -0.002 -17"><span class='ocrx_word' id='word_1_156' title='bbox 135 2282 296 2358; x_wconf 81' lang='lat' dir='ltr'><strong>recepisse</strong></span> <span class='ocrx_word' id='word_1_157' title='bbox 316 2281 493 2340; x_wconf 83' lang='lat' dir='ltr'><strong>certissime</strong></span> <span class='ocrx_word' id='word_1_158' title='bbox 518 2282 675 2356; x_wconf 77' lang='lat' dir='ltr'><strong>cognouit.</strong></span> <span class='ocrx_word' id='word_1_159' title='bbox 725 2279 830 2340; x_wconf 86' lang='lat' dir='ltr'><strong>Mirati</strong></span> <span class='ocrx_word' id='word_1_160' title='bbox 853 2284 926 2340; x_wconf 89' lang='lat' dir='ltr'><strong>suut</strong></span> <span class='ocrx_word' id='word_1_161' title='bbox 947 2299 1058 2340; x_wconf 86' lang='lat' dir='ltr'><strong>amnes·</strong></span> <span class='ocrx_word' id='word_1_162' title='bbox 1077 2282 1129 2359; x_wconf 88' lang='lat' dir='ltr'><strong>qui</strong></span> <span class='ocrx_word' id='word_1_163' title='bbox 1150 2280 1326 2340; x_wconf 51' lang='lat' dir='ltr'><strong>¹audieruut.</strong></span> <span class='ocrx_word' id='word_1_164' title='bbox 1350 2285 1384 2340; x_wconf 86' lang='lat' dir='ltr'><strong>ot</strong></span> 
     </span>
     <span class='ocr_line' id='line_1_21' title="bbox 136 2377 1384 2463; baseline -0.002 -15"><span class='ocrx_word' id='word_1_165' title='bbox 136 2387 294 2449; x_wconf 85' lang='lat' dir='ltr'><strong>dominum</strong></span> <span class='ocrx_word' id='word_1_166' title='bbox 314 2387 346 2446; x_wconf 82' lang='lat' dir='ltr'><strong>lu</strong></span> <span class='ocrx_word' id='word_1_167' title='bbox 370 2388 427 2444; x_wconf 75' lang='lat' dir='ltr'><strong>suo</strong></span> <span class='ocrx_word' id='word_1_168' title='bbox 450 2386 575 2444; x_wconf 71' lang='lat' dir='ltr'><strong>momine</strong></span> <span class='ocrx_word' id='word_1_169' title='bbox 599 2385 858 2462; x_wconf 71' lang='lat' dir='ltr'><strong>glorificauerunt.</strong></span> <span class='ocrx_word' id='word_1_170' title='bbox 903 2384 1040 2462; x_wconf 66' lang='lat' dir='ltr'><strong>Oonmgit</strong></span> <span class='ocrx_word' id='word_1_171' title='bbox 1063 2405 1186 2463; x_wconf 86' lang='lat' dir='ltr'><strong>quoque</strong></span> <span class='ocrx_word' id='word_1_172' title='bbox 1216 2377 1259 2461; x_wconf 89' lang='lat' dir='ltr'><strong>[iu</strong></span> <span class='ocrx_word' id='word_1_173' title='bbox 1294 2385 1384 2445; x_wconf 81' lang='lat' dir='ltr'><strong>dacia</strong></span> 
     </span>
     <span class='ocr_line' id='line_1_22' title="bbox 136 2481 1383 2568; baseline 0 -18"><span class='ocrx_word' id='word_1_174' title='bbox 136 2482 276 2555; x_wconf 80' lang='lat' dir='ltr'><strong>incilia</strong></span> <span class='ocrx_word' id='word_1_175' title='bbox 307 2483 341 2550; x_wconf 92' lang='lat' dir='ltr'><strong>in</strong></span> <span class='ocrx_word' id='word_1_176' title='bbox 373 2501 440 2565; x_wconf 85' lang='lat' dir='ltr'><strong>qua</strong></span> <span class='ocrx_word' id='word_1_177' title='bbox 467 2500 595 2550; x_wconf 86' lang='lat' dir='ltr'><strong>sacrum</strong></span> <span class='ocrx_word' id='word_1_178' title='bbox 625 2500 744 2566; x_wconf 89' lang='lat' dir='ltr'><strong>carpus</strong></span> <span class='ocrx_word' id='word_1_179' title='bbox 775 2484 846 2550; x_wconf 87' lang='lat' dir='ltr'><strong>sius</strong></span> <span class='ocrx_word' id='word_1_180' title='bbox 875 2488 926 2549; x_wconf 91' lang='lat' dir='ltr'><strong>est</strong></span> <span class='ocrx_word' id='word_1_181' title='bbox 948 2481 1128 2567; x_wconf 78' lang='lat' dir='ltr'><strong>sepultum²</strong></span> <span class='ocrx_word' id='word_1_182' title='bbox 1152 2491 1235 2567; x_wconf 81' lang='lat' dir='ltr'><strong>quod</strong></span> <span class='ocrx_word' id='word_1_183' title='bbox 1259 2491 1383 2568; x_wconf 78' lang='lat' dir='ltr'><strong>qnidam</strong></span> 
     </span>
    </p>
   </div>
   <div class='ocr_carea' id='block_1_5' title="bbox 73 2595 1385 2661">
    <p class='ocr_par' dir='ltr' id='par_1_6' title="bbox 73 2595 1385 2661">
     <span class='ocr_line' id='line_1_23' title="bbox 73 2595 1385 2661; baseline -0.003 -1"><span class='ocrx_word' id='word_1_184' title='bbox 73 2601 104 2646; x_wconf 73' lang='lat'><strong>²⁰</strong></span> <span class='ocrx_word' id='word_1_185' title='bbox 140 2596 231 2661; x_wconf 78' lang='lat' dir='ltr'><strong>miles</strong></span> <span class='ocrx_word' id='word_1_186' title='bbox 253 2595 409 2658; x_wconf 80' lang='lat' dir='ltr'><strong>maliciose</strong></span> <span class='ocrx_word' id='word_1_187' title='bbox 439 2616 474 2655; x_wconf 90' lang='lat' dir='ltr'><strong>ac</strong></span> <span class='ocrx_word' id='word_1_188' title='bbox 503 2595 656 2656; x_wconf 88' lang='lat' dir='ltr'><strong>inuidioso</strong></span> <span class='ocrx_word' id='word_1_189' title='bbox 685 2596 864 2656; x_wconf 86' lang='lat' dir='ltr'><strong>detraheret</strong></span> <span class='ocrx_word' id='word_1_190' title='bbox 885 2597 1041 2657; x_wconf 76' lang='lat' dir='ltr'><strong>miraculis</strong></span> <span class='ocrx_word' id='word_1_191' title='bbox 1059 2598 1162 2656; x_wconf 60' lang='lat' dir='ltr'><strong>&lt;sancti</strong></span> <span class='ocrx_word' id='word_1_192' title='bbox 1184 2597 1328 2655; x_wconf 83' lang='lat' dir='ltr'><strong>martiris.</strong></span> <span class='ocrx_word' id='word_1_193' title='bbox 1351 2600 1385 2656; x_wconf 86' lang='lat' dir='ltr'><strong>at</strong></span> 
     </span>
    </p>
   </div>
   <div class='ocr_carea' id='block_1_6' title="bbox 72 3123 102 3170">
    <p class='ocr_par' dir='ltr' id='par_1_7' title="bbox 72 3123 102 3170">
     <span class='ocr_line' id='line_1_24' title="bbox 72 3123 102 3170; baseline -0.033 0"><span class='ocrx_word' id='word_1_194' title='bbox 72 3123 102 3170; x_wconf 77' lang='lat'><strong>25</strong></span> 
     </span>
    </p>
   </div>
   <div class='ocr_carea' id='block_1_7' title="bbox 138 2699 1384 2977">
    <p class='ocr_par' dir='ltr' id='par_1_8' title="bbox 138 2699 1384 2977">
     <span class='ocr_line' id='line_1_25' title="bbox 139 2699 1383 2778; baseline 0 -16"><span class='ocrx_word' id='word_1_195' title='bbox 139 2701 191 2762; x_wconf 84' lang='lat' dir='ltr'><strong>hic</strong></span> <span class='ocrx_word' id='word_1_196' title='bbox 211 2699 346 2766; x_wconf 87' lang='lat' dir='ltr'><strong>habebat</strong></span> <span class='ocrx_word' id='word_1_197' title='bbox 373 2701 514 2762; x_wconf 88' lang='lat' dir='ltr'><strong>ancillam</strong></span> <span class='ocrx_word' id='word_1_198' title='bbox 542 2720 579 2760; x_wconf 83' lang='lat' dir='ltr'><strong>ex</strong></span> <span class='ocrx_word' id='word_1_199' title='bbox 608 2704 763 2778; x_wconf 77' lang='lat' dir='ltr'><strong>norwegie</strong></span> <span class='ocrx_word' id='word_1_200' title='bbox 789 2707 891 2762; x_wconf 88' lang='lat' dir='ltr'><strong>natam</strong></span> <span class='ocrx_word' id='word_1_201' title='bbox 914 2702 953 2762; x_wconf 90' lang='lat' dir='ltr'><strong>de</strong></span> <span class='ocrx_word' id='word_1_202' title='bbox 975 2703 1051 2762; x_wconf 90' lang='lat' dir='ltr'><strong>uilla</strong></span> <span class='ocrx_word' id='word_1_203' title='bbox 1073 2703 1173 2762; x_wconf 84' lang='lat' dir='ltr'><strong>sancti</strong></span> <span class='ocrx_word' id='word_1_204' title='bbox 1196 2701 1286 2762; x_wconf 90' lang='lat' dir='ltr'><strong>Olaui</strong></span> <span class='ocrx_word' id='word_1_205' title='bbox 1308 2701 1383 2762; x_wconf 86' lang='lat' dir='ltr'><strong>mul·</strong></span> 
     </span>
     <span class='ocr_line' id='line_1_26' title="bbox 139 2805 1384 2884; baseline 0.001 -18"><span class='ocrx_word' id='word_1_206' title='bbox 139 2811 207 2870; x_wconf 85' lang='lat' dir='ltr'><strong>tum</strong></span> <span class='ocrx_word' id='word_1_207' title='bbox 230 2805 407 2882; x_wconf 81' lang='lat' dir='ltr'><strong>diligentem</strong></span> <span class='ocrx_word' id='word_1_208' title='bbox 431 2811 569 2866; x_wconf 88' lang='lat' dir='ltr'><strong>sanctum</strong></span> <span class='ocrx_word' id='word_1_209' title='bbox 591 2809 755 2867; x_wconf 76' lang='lat' dir='ltr'><strong>martirem.</strong></span> <span class='ocrx_word' id='word_1_210' title='bbox 805 2807 929 2866; x_wconf 82' lang='lat' dir='ltr'><strong>Accidit</strong></span> <span class='ocrx_word' id='word_1_211' title='bbox 949 2809 1045 2883; x_wconf 72' lang='lat' dir='ltr'><strong>igitur</strong></span> <span class='ocrx_word' id='word_1_212' title='bbox 1065 2811 1100 2867; x_wconf 86' lang='lat' dir='ltr'><strong>ut</strong></span> <span class='ocrx_word' id='word_1_213' title='bbox 1121 2809 1153 2866; x_wconf 89' lang='lat' dir='ltr'><strong>in</strong></span> <span class='ocrx_word' id='word_1_214' title='bbox 1177 2807 1226 2866; x_wconf 91' lang='lat' dir='ltr'><strong>die</strong></span> <span class='ocrx_word' id='word_1_215' title='bbox 1245 2807 1384 2884; x_wconf 86' lang='lat' dir='ltr'><strong>predicti</strong></span> 
     </span>
     <span class='ocr_line' id='line_1_27' title="bbox 138 2911 1383 2977; baseline 0.001 -7"><span class='ocrx_word' id='word_1_216' title='bbox 138 2914 275 2977; x_wconf 71' lang='lat' dir='ltr'><strong>martiris</strong></span> <span class='ocrx_word' id='word_1_217' title='bbox 305 2911 387 2973; x_wconf 85' lang='lat' dir='ltr'><strong>idem</strong></span> <span class='ocrx_word' id='word_1_218' title='bbox 414 2911 500 2970; x_wconf 88' lang='lat' dir='ltr'><strong>miles</strong></span> <span class='ocrx_word' id='word_1_219' title='bbox 528 2911 646 2972; x_wconf 89' lang='lat' dir='ltr'><strong>inuidia</strong></span> <span class='ocrx_word' id='word_1_220' title='bbox 679 2917 785 2972; x_wconf 89' lang='lat' dir='ltr'><strong>contra</strong></span> <span class='ocrx_word' id='word_1_221' title='bbox 816 2914 972 2971; x_wconf 87' lang='lat' dir='ltr'><strong>martirem</strong></span> <span class='ocrx_word' id='word_1_222' title='bbox 1000 2913 1115 2972; x_wconf 87' lang='lat' dir='ltr'><strong>domini</strong></span> <span class='ocrx_word' id='word_1_223' title='bbox 1138 2917 1306 2972; x_wconf 82' lang='lat' dir='ltr'><strong>commotus</strong></span> <span class='ocrx_word' id='word_1_224' title='bbox 1330 2928 1383 2971; x_wconf 84' lang='lat' dir='ltr'><strong>au·</strong></span> 
     </span>
    </p>
   </div>
   <div class='ocr_carea' id='block_1_8' title="bbox 139 3017 1385 4249">
    <p class='ocr_par' dir='ltr' id='par_1_9' title="bbox 139 3017 1385 4249">
     <span class='ocr_line' id='line_1_28' title="bbox 140 3017 1382 3095; baseline 0 -17"><span class='ocrx_word' id='word_1_225' title='bbox 140 3018 213 3080; x_wconf 87' lang='lat' dir='ltr'><strong>cille</strong></span> <span class='ocrx_word' id='word_1_226' title='bbox 235 3019 412 3094; x_wconf 85' lang='lat' dir='ltr'><strong>preciperet</strong></span> <span class='ocrx_word' id='word_1_227' title='bbox 433 3023 469 3078; x_wconf 88' lang='lat' dir='ltr'><strong>ut</strong></span> <span class='ocrx_word' id='word_1_228' title='bbox 490 3037 586 3094; x_wconf 90' lang='lat' dir='ltr'><strong>panes</strong></span> <span class='ocrx_word' id='word_1_229' title='bbox 610 3018 670 3077; x_wconf 86' lang='lat' dir='ltr'><strong>sibi</strong></span> <span class='ocrx_word' id='word_1_230' title='bbox 690 3019 723 3076; x_wconf 90' lang='lat' dir='ltr'><strong>in</strong></span> <span class='ocrx_word' id='word_1_231' title='bbox 746 3017 867 3077; x_wconf 87' lang='lat' dir='ltr'><strong>clibano</strong></span> <span class='ocrx_word' id='word_1_232' title='bbox 888 3023 1047 3095; x_wconf 80' lang='lat' dir='ltr'><strong>coqueret.</strong></span> <span class='ocrx_word' id='word_1_233' title='bbox 1082 3017 1139 3078; x_wconf 86' lang='lat' dir='ltr'><strong>(lui</strong></span> <span class='ocrx_word' id='word_1_234' title='bbox 1161 3018 1273 3077; x_wconf 85' lang='lat' dir='ltr'><strong>ancilla</strong></span> <span class='ocrx_word' id='word_1_235' title='bbox 1296 3017 1382 3078; x_wconf 79' lang='lat' dir='ltr'><strong>discit</strong></span> 
     </span>
     <span class='ocr_line' id='line_1_29' title="bbox 139 3109 1383 3200; baseline -0.003 -14"><span class='ocrx_word' id='word_1_236' title='bbox 139 3122 241 3186; x_wconf 78' lang='lat' dir='ltr'><strong>Hodie</strong></span> <span class='ocrx_word' id='word_1_237' title='bbox 275 3127 324 3184; x_wconf 87' lang='lat' dir='ltr'><strong>est</strong></span> <span class='ocrx_word' id='word_1_238' title='bbox 352 3124 417 3184; x_wconf 90' lang='lat' dir='ltr'><strong>dies</strong></span> <span class='ocrx_word' id='word_1_239' title='bbox 446 3109 544 3182; x_wconf 86' lang='lat' dir='ltr'><strong>sancti</strong></span> <span class='ocrx_word' id='word_1_240' title='bbox 567 3122 655 3182; x_wconf 86' lang='lat' dir='ltr'><strong>Olaui</strong></span> <span class='ocrx_word' id='word_1_241' title='bbox 676 3125 818 3182; x_wconf 85' lang='lat' dir='ltr'><strong>martiris.</strong></span> <span class='ocrx_word' id='word_1_242' title='bbox 848 3127 879 3181; x_wconf 90' lang='lat' dir='ltr'><strong>et</strong></span> <span class='ocrx_word' id='word_1_243' title='bbox 907 3124 1055 3182; x_wconf 84' lang='lat' dir='ltr'><strong>festinare</strong></span> <span class='ocrx_word' id='word_1_244' title='bbox 1078 3141 1125 3180; x_wconf 89' lang='lat' dir='ltr'><strong>me</strong></span> <span class='ocrx_word' id='word_1_245' title='bbox 1148 3125 1281 3200; x_wconf 83' lang='lat' dir='ltr'><strong>oportet</strong></span> <span class='ocrx_word' id='word_1_246' title='bbox 1326 3121 1383 3182; x_wconf 79' lang='lat' dir='ltr'><strong>uni</strong></span> 
     </span>
     <span class='ocr_line' id='line_1_30' title="bbox 139 3227 1383 3305; baseline -0.001 -17"><span class='ocrx_word' id='word_1_247' title='bbox 139 3228 230 3294; x_wconf 78' lang='lat' dir='ltr'><strong>miles</strong></span> <span class='ocrx_word' id='word_1_248' title='bbox 253 3227 424 3305; x_wconf 86' lang='lat' dir='ltr'><strong>respoudit.</strong></span> <span class='ocrx_word' id='word_1_249' title='bbox 468 3227 535 3287; x_wconf 84' lang='lat' dir='ltr'><strong>Nisi</strong></span> <span class='ocrx_word' id='word_1_250' title='bbox 563 3229 676 3287; x_wconf 85' lang='lat' dir='ltr'><strong>feceris</strong></span> <span class='ocrx_word' id='word_1_251' title='bbox 704 3227 789 3304; x_wconf 89' lang='lat' dir='ltr'><strong>qnod</strong></span> <span class='ocrx_word' id='word_1_252' title='bbox 817 3228 1002 3288; x_wconf 87' lang='lat' dir='ltr'><strong>mandauero</strong></span> <span class='ocrx_word' id='word_1_253' title='bbox 1031 3228 1089 3287; x_wconf 87' lang='lat' dir='ltr'><strong>tibi</strong></span> <span class='ocrx_word' id='word_1_254' title='bbox 1111 3227 1216 3286; x_wconf 87' lang='lat' dir='ltr'><strong>taliter</strong></span> <span class='ocrx_word' id='word_1_255' title='bbox 1237 3232 1269 3286; x_wconf 85' lang='lat' dir='ltr'><strong>tc</strong></span> <span class='ocrx_word' id='word_1_256' title='bbox 1292 3229 1383 3287; x_wconf 88' lang='lat' dir='ltr'><strong>casti·</strong></span> 
     </span>
     <span class='ocr_line' id='line_1_31' title="bbox 140 3333 1384 3411; baseline -0.001 -18"><span class='ocrx_word' id='word_1_257' title='bbox 140 3333 233 3411; x_wconf 80' lang='lat' dir='ltr'><strong>gabo·</strong></span> <span class='ocrx_word' id='word_1_258' title='bbox 257 3333 341 3408; x_wconf 92' lang='lat' dir='ltr'><strong>quod</strong></span> <span class='ocrx_word' id='word_1_259' title='bbox 362 3351 516 3410; x_wconf 87' lang='lat' dir='ltr'><strong>uunquam</strong></span> <span class='ocrx_word' id='word_1_260' title='bbox 538 3335 583 3391; x_wconf 88' lang='lat' dir='ltr'><strong>ita</strong></span> <span class='ocrx_word' id='word_1_261' title='bbox 605 3335 755 3410; x_wconf 77' lang='lat' dir='ltr'><strong>castigata</strong></span> <span class='ocrx_word' id='word_1_262' title='bbox 775 3333 881 3392; x_wconf 86' lang='lat' dir='ltr'><strong>fucris.</strong></span> <span class='ocrx_word' id='word_1_263' title='bbox 918 3333 1008 3407; x_wconf 80' lang='lat' dir='ltr'><strong>Quod</strong></span> <span class='ocrx_word' id='word_1_264' title='bbox 1030 3333 1083 3392; x_wconf 92' lang='lat' dir='ltr'><strong>illa</strong></span> <span class='ocrx_word' id='word_1_265' title='bbox 1104 3333 1242 3394; x_wconf 84' lang='lat' dir='ltr'><strong>audiens.</strong></span> <span class='ocrx_word' id='word_1_266' title='bbox 1266 3335 1384 3394; x_wconf 77' lang='lat' dir='ltr'><strong>iussum</strong></span> 
     </span>
     <span class='ocr_line' id='line_1_32' title="bbox 140 3436 1383 3512; baseline -0.001 -14"><span class='ocrx_word' id='word_1_267' title='bbox 140 3439 210 3501; x_wconf 86' lang='lat' dir='ltr'><strong>eius</strong></span> <span class='ocrx_word' id='word_1_268' title='bbox 242 3436 315 3496; x_wconf 88' lang='lat' dir='ltr'><strong>licat</strong></span> <span class='ocrx_word' id='word_1_269' title='bbox 349 3439 446 3498; x_wconf 83' lang='lat' dir='ltr'><strong>inuito</strong></span> <span class='ocrx_word' id='word_1_270' title='bbox 478 3437 644 3512; x_wconf 86' lang='lat' dir='ltr'><strong>compleuit</strong></span> <span class='ocrx_word' id='word_1_271' title='bbox 674 3443 705 3496; x_wconf 88' lang='lat' dir='ltr'><strong>et</strong></span> <span class='ocrx_word' id='word_1_272' title='bbox 734 3457 825 3497; x_wconf 90' lang='lat' dir='ltr'><strong>orans</strong></span> <span class='ocrx_word' id='word_1_273' title='bbox 846 3437 970 3498; x_wconf 88' lang='lat' dir='ltr'><strong>beatum</strong></span> <span class='ocrx_word' id='word_1_274' title='bbox 993 3437 1093 3498; x_wconf 87' lang='lat' dir='ltr'><strong>Olauu</strong></span> <span class='ocrx_word' id='word_1_275' title='bbox 1116 3439 1202 3497; x_wconf 88' lang='lat' dir='ltr'><strong>dixit.</strong></span> <span class='ocrx_word' id='word_1_276' title='bbox 1248 3437 1272 3497; x_wconf 91' lang='lat'>0</span> <span class='ocrx_word' id='word_1_277' title='bbox 1296 3458 1383 3497; x_wconf 82' lang='lat' dir='ltr'><strong>sanc·</strong></span> 
     </span>
     <span class='ocr_line' id='line_1_33' title="bbox 139 3541 1384 3619; baseline -0.001 -15"><span class='ocrx_word' id='word_1_278' title='bbox 139 3544 262 3604; x_wconf 77' lang='lat' dir='ltr'><strong>tissime</strong></span> <span class='ocrx_word' id='word_1_279' title='bbox 284 3543 389 3602; x_wconf 86' lang='lat' dir='ltr'><strong>martir</strong></span> <span class='ocrx_word' id='word_1_280' title='bbox 412 3542 517 3602; x_wconf 86' lang='lat' dir='ltr'><strong>Olane.</strong></span> <span class='ocrx_word' id='word_1_281' title='bbox 542 3544 568 3600; x_wconf 88' lang='lat' dir='ltr'><strong>si</strong></span> <span class='ocrx_word' id='word_1_282' title='bbox 589 3547 674 3600; x_wconf 87' lang='lat' dir='ltr'><strong>tante</strong></span> <span class='ocrx_word' id='word_1_283' title='bbox 690 3542 820 3600; x_wconf 88' lang='lat' dir='ltr'><strong>uirtutis</strong></span> <span class='ocrx_word' id='word_1_284' title='bbox 844 3563 878 3602; x_wconf 88' lang='lat' dir='ltr'><strong>ac</strong></span> <span class='ocrx_word' id='word_1_285' title='bbox 899 3545 1064 3619; x_wconf 86' lang='lat' dir='ltr'><strong>potestatis</strong></span> <span class='ocrx_word' id='word_1_286' title='bbox 1087 3563 1121 3602; x_wconf 90' lang='lat' dir='ltr'><strong>os</strong></span> <span class='ocrx_word' id='word_1_287' title='bbox 1145 3563 1246 3602; x_wconf 85' lang='lat' dir='ltr'><strong>ceram</strong></span> <span class='ocrx_word' id='word_1_288' title='bbox 1269 3541 1384 3603; x_wconf 83' lang='lat' dir='ltr'><strong>deaut</strong></span> 
     </span>
     <span class='ocr_line' id='line_1_34' title="bbox 141 3645 1382 3725; baseline -0.001 -17"><span class='ocrx_word' id='word_1_289' title='bbox 141 3647 233 3708; x_wconf 90' lang='lat' dir='ltr'><strong>nobis</strong></span> <span class='ocrx_word' id='word_1_290' title='bbox 258 3645 378 3706; x_wconf 86' lang='lat' dir='ltr'><strong>dicitur.</strong></span> <span class='ocrx_word' id='word_1_291' title='bbox 402 3651 474 3706; x_wconf 87' lang='lat' dir='ltr'><strong>tuuc</strong></span> <span class='ocrx_word' id='word_1_292' title='bbox 501 3647 549 3705; x_wconf 86' lang='lat' dir='ltr'><strong>fac</strong></span> <span class='ocrx_word' id='word_1_293' title='bbox 575 3647 779 3725; x_wconf 14' lang='lat' dir='ltr'><strong>talepsignum</strong></span> <span class='ocrx_word' id='word_1_294' title='bbox 801 3649 861 3707; x_wconf 89' lang='lat' dir='ltr'><strong>iam</strong></span> <span class='ocrx_word' id='word_1_295' title='bbox 883 3652 918 3707; x_wconf 89' lang='lat' dir='ltr'><strong>ut</strong></span> <span class='ocrx_word' id='word_1_296' title='bbox 940 3668 993 3708; x_wconf 85' lang='lat' dir='ltr'><strong>cor</strong></span> <span class='ocrx_word' id='word_1_297' title='bbox 1014 3649 1103 3708; x_wconf 87' lang='lat' dir='ltr'><strong>istius</strong></span> <span class='ocrx_word' id='word_1_298' title='bbox 1127 3648 1255 3725; x_wconf 86' lang='lat' dir='ltr'><strong>pessimi</strong></span> <span class='ocrx_word' id='word_1_299' title='bbox 1276 3648 1382 3707; x_wconf 86' lang='lat' dir='ltr'><strong>militis</strong></span> 
     </span>
     <span class='ocr_line' id='line_1_35' title="bbox 142 3752 1385 3830; baseline 0.002 -18"><span class='ocrx_word' id='word_1_300' title='bbox 142 3754 197 3830; x_wconf 86' lang='lat' dir='ltr'><strong>qui</strong></span> <span class='ocrx_word' id='word_1_301' title='bbox 218 3755 336 3811; x_wconf 89' lang='lat' dir='ltr'><strong>tantum</strong></span> <span class='ocrx_word' id='word_1_302' title='bbox 358 3756 388 3809; x_wconf 90' lang='lat' dir='ltr'><strong>te</strong></span> <span class='ocrx_word' id='word_1_303' title='bbox 413 3752 479 3811; x_wconf 89' lang='lat' dir='ltr'><strong>odit</strong></span> <span class='ocrx_word' id='word_1_304' title='bbox 497 3771 515 3810; x_wconf 86' lang='lat' dir='ltr'><strong>a</strong></span> <span class='ocrx_word' id='word_1_305' title='bbox 531 3770 587 3820; x_wconf 85' lang='lat' dir='ltr'><strong>sua</strong></span> <span class='ocrx_word' id='word_1_306' title='bbox 609 3753 727 3811; x_wconf 88' lang='lat' dir='ltr'><strong>duricia</strong></span> <span class='ocrx_word' id='word_1_307' title='bbox 749 3757 781 3812; x_wconf 92' lang='lat' dir='ltr'><strong>et</strong></span> <span class='ocrx_word' id='word_1_308' title='bbox 802 3753 922 3812; x_wconf 87' lang='lat' dir='ltr'><strong>malicie</strong></span> <span class='ocrx_word' id='word_1_309' title='bbox 944 3757 1150 3813; x_wconf 81' lang='lat' dir='ltr'><strong>concertatur.</strong></span> <span class='ocrx_word' id='word_1_310' title='bbox 1202 3753 1311 3813; x_wconf 84' lang='lat' dir='ltr'><strong>Statim</strong></span> <span class='ocrx_word' id='word_1_311' title='bbox 1333 3772 1385 3814; x_wconf 90' lang='lat' dir='ltr'><strong>au·</strong></span> 
     </span>
     <span class='ocr_line' id='line_1_36' title="bbox 139 3857 1385 3932; baseline 0 -16"><span class='ocrx_word' id='word_1_312' title='bbox 139 3861 206 3916; x_wconf 87' lang='lat' dir='ltr'><strong>tem</strong></span> <span class='ocrx_word' id='word_1_313' title='bbox 238 3861 272 3915; x_wconf 90' lang='lat' dir='ltr'><strong>ut</strong></span> <span class='ocrx_word' id='word_1_314' title='bbox 304 3857 358 3915; x_wconf 90' lang='lat' dir='ltr'><strong>illa</strong></span> <span class='ocrx_word' id='word_1_315' title='bbox 391 3859 559 3916; x_wconf 86' lang='lat' dir='ltr'><strong>orationem</strong></span> <span class='ocrx_word' id='word_1_316' title='bbox 592 3857 811 3932; x_wconf 85' lang='lat' dir='ltr'><strong>compleuerat.</strong></span> <span class='ocrx_word' id='word_1_317' title='bbox 844 3859 931 3917; x_wconf 88' lang='lat' dir='ltr'><strong>miles</strong></span> <span class='ocrx_word' id='word_1_318' title='bbox 963 3857 1089 3918; x_wconf 85' lang='lat' dir='ltr'><strong>effectus</strong></span> <span class='ocrx_word' id='word_1_319' title='bbox 1120 3864 1169 3919; x_wconf 90' lang='lat' dir='ltr'><strong>est</strong></span> <span class='ocrx_word' id='word_1_320' title='bbox 1200 3877 1299 3917; x_wconf 84' lang='lat' dir='ltr'><strong>cecus.</strong></span> <span class='ocrx_word' id='word_1_321' title='bbox 1344 3857 1385 3916; x_wconf 87' lang='lat' dir='ltr'><strong>Et</strong></span> 
     </span>
     <span class='ocr_line' id='line_1_37' title="bbox 139 3953 1384 4042; baseline 0 -22"><span class='ocrx_word' id='word_1_322' title='bbox 139 3981 240 4042; x_wconf 87' lang='lat' dir='ltr'><strong>panes</strong></span> <span class='ocrx_word' id='word_1_323' title='bbox 270 3963 412 4020; x_wconf 89' lang='lat' dir='ltr'><strong>conuersi</strong></span> <span class='ocrx_word' id='word_1_324' title='bbox 440 3966 513 4021; x_wconf 89' lang='lat' dir='ltr'><strong>sunt</strong></span> <span class='ocrx_word' id='word_1_325' title='bbox 541 3964 572 4019; x_wconf 91' lang='lat' dir='ltr'><strong>in</strong></span> <span class='ocrx_word' id='word_1_326' title='bbox 603 3961 733 4038; x_wconf 86' lang='lat' dir='ltr'><strong>lapides.</strong></span> <span class='ocrx_word' id='word_1_327' title='bbox 780 3953 874 4032; x_wconf 79' lang='lat' dir='ltr'><strong>Quod</strong></span> <span class='ocrx_word' id='word_1_328' title='bbox 897 3955 990 4020; x_wconf 83' lang='lat' dir='ltr'><strong>miles</strong></span> <span class='ocrx_word' id='word_1_329' title='bbox 1013 3956 1069 4024; x_wconf 80' lang='lat' dir='ltr'><strong>ille</strong></span> <span class='ocrx_word' id='word_1_330' title='bbox 1092 3955 1227 4022; x_wconf 79' lang='lat' dir='ltr'><strong>audiens</strong></span> <span class='ocrx_word' id='word_1_331' title='bbox 1251 3973 1384 4028; x_wconf 68' lang='lat' dir='ltr'><strong>conuer-</strong></span> 
     </span>
     <span class='ocr_line' id='line_1_38' title="bbox 141 4059 1385 4143; baseline 0.002 -18"><span class='ocrx_word' id='word_1_332' title='bbox 141 4076 201 4125; x_wconf 89' lang='lat' dir='ltr'><strong>sus</strong></span> <span class='ocrx_word' id='word_1_333' title='bbox 222 4063 272 4124; x_wconf 89' lang='lat' dir='ltr'><strong>est</strong></span> <span class='ocrx_word' id='word_1_334' title='bbox 305 4064 337 4124; x_wconf 89' lang='lat' dir='ltr'><strong>et</strong></span> <span class='ocrx_word' id='word_1_335' title='bbox 368 4065 515 4124; x_wconf 88' lang='lat' dir='ltr'><strong>sanctum</strong></span> <span class='ocrx_word' id='word_1_336' title='bbox 539 4059 678 4124; x_wconf 87' lang='lat' dir='ltr'><strong>Olauum</strong></span> <span class='ocrx_word' id='word_1_337' title='bbox 701 4065 771 4124; x_wconf 89' lang='lat' dir='ltr'><strong>totu</strong></span> <span class='ocrx_word' id='word_1_338' title='bbox 806 4060 905 4128; x_wconf 86' lang='lat' dir='ltr'><strong>cordo</strong></span> <span class='ocrx_word' id='word_1_339' title='bbox 934 4061 1091 4128; x_wconf 87' lang='lat' dir='ltr'><strong>inuocans</strong></span> <span class='ocrx_word' id='word_1_340' title='bbox 1115 4061 1156 4124; x_wconf 88' lang='lat' dir='ltr'><strong>ad</strong></span> <span class='ocrx_word' id='word_1_341' title='bbox 1179 4060 1385 4143; x_wconf 86' lang='lat' dir='ltr'><strong>sepulchrum</strong></span> 
     </span>
     <span class='ocr_line' id='line_1_39' title="bbox 142 4163 1385 4249; baseline 0.001 -19"><span class='ocrx_word' id='word_1_342' title='bbox 142 4164 217 4230; x_wconf 87' lang='lat' dir='ltr'><strong>eius</strong></span> <span class='ocrx_word' id='word_1_343' title='bbox 239 4165 379 4230; x_wconf 87' lang='lat' dir='ltr'><strong>accessit</strong></span> <span class='ocrx_word' id='word_1_344' title='bbox 401 4164 596 4246; x_wconf 89' lang='lat' dir='ltr'><strong>promittens</strong></span> <span class='ocrx_word' id='word_1_345' title='bbox 628 4163 680 4247; x_wconf 27' lang='lat' dir='ltr'><strong>[ei.</strong></span> <span class='ocrx_word' id='word_1_346' title='bbox 694 4171 854 4249; x_wconf 87' lang='lat' dir='ltr'><strong>perpetuo</strong></span> <span class='ocrx_word' id='word_1_347' title='bbox 876 4165 1010 4233; x_wconf 87' lang='lat' dir='ltr'><strong>seruire.</strong></span> <span class='ocrx_word' id='word_1_348' title='bbox 1034 4169 1068 4230; x_wconf 90' lang='lat' dir='ltr'><strong>et</strong></span> <span class='ocrx_word' id='word_1_349' title='bbox 1089 4165 1233 4246; x_wconf 82' lang='lat' dir='ltr'><strong>uigiliam</strong></span> <span class='ocrx_word' id='word_1_350' title='bbox 1258 4166 1327 4232; x_wconf 89' lang='lat' dir='ltr'><strong>eius</strong></span> <span class='ocrx_word' id='word_1_351' title='bbox 1351 4165 1385 4231; x_wconf 91' lang='lat' dir='ltr'><strong>iu</strong></span> 
     </span>
    </p>
   </div>
   <div class='ocr_carea' id='block_1_9' title="bbox 140 4267 1509 4352">
    <p class='ocr_par' dir='ltr' id='par_1_10' title="bbox 140 4267 1509 4352">
     <span class='ocr_line' id='line_1_40' title="bbox 140 4267 1509 4352; baseline 0 -16"><span class='ocrx_word' id='word_1_352' title='bbox 140 4287 229 4352; x_wconf 87' lang='lat' dir='ltr'><strong>panc</strong></span> <span class='ocrx_word' id='word_1_353' title='bbox 259 4273 294 4334; x_wconf 90' lang='lat' dir='ltr'><strong>et</strong></span> <span class='ocrx_word' id='word_1_354' title='bbox 321 4286 406 4350; x_wconf 89' lang='lat' dir='ltr'><strong>aqua</strong></span> <span class='ocrx_word' id='word_1_355' title='bbox 434 4268 588 4333; x_wconf 87' lang='lat' dir='ltr'><strong>ieiunare.</strong></span> <span class='ocrx_word' id='word_1_356' title='bbox 633 4267 815 4351; x_wconf 84' lang='lat' dir='ltr'><strong>Statimque</strong></span> <span class='ocrx_word' id='word_1_357' title='bbox 838 4271 944 4334; x_wconf 90' lang='lat' dir='ltr'><strong>uisum</strong></span> <span class='ocrx_word' id='word_1_358' title='bbox 966 4268 1117 4351; x_wconf 76' lang='lat' dir='ltr'><strong>receptet</strong></span> <span class='ocrx_word' id='word_1_359' title='bbox 1160 4276 1259 4338; x_wconf 80' lang='lat' dir='ltr'><strong>Panes</strong></span> <span class='ocrx_word' id='word_1_360' title='bbox 1283 4281 1385 4337; x_wconf 81' lang='lat' dir='ltr'><strong>autem</strong></span> <span class='ocrx_word' id='word_1_361' title='bbox 1504 4309 1509 4323; x_wconf 73' lang='lat'><strong>.</strong></span> 
     </span>
    </p>
   </div>
   <div class='ocr_carea' id='block_1_10' title="bbox 140 4523 1385 4768">
    <p class='ocr_par' dir='ltr' id='par_1_11' title="bbox 140 4523 1385 4768">
     <span class='ocr_line' id='line_1_41' title="bbox 215 4523 1385 4594; baseline 0.003 -19"><span class='ocrx_word' id='word_1_362' title='bbox 215 4523 352 4575; x_wconf 76' lang='grc' dir='ltr'><strong>ΙΤιιιιιίειιι</strong></span> <span class='ocrx_word' id='word_1_363' title='bbox 374 4525 452 4576; x_wconf 85' lang='lat' dir='ltr'><strong>tertia</strong></span> <span class='ocrx_word' id='word_1_364' title='bbox 473 4525 514 4578; x_wconf 88' lang='lat' dir='ltr'><strong>dis</strong></span> <span class='ocrx_word' id='word_1_365' title='bbox 535 4525 638 4576; x_wconf 88' lang='lat' dir='ltr'><strong>volebat</strong></span> <span class='ocrx_word' id='word_1_366' title='bbox 664 4542 756 4590; x_wconf 85' lang='lat' dir='ltr'><strong>corpus</strong></span> <span class='ocrx_word' id='word_1_367' title='bbox 779 4528 833 4594; x_wconf 84' lang='lat' dir='ltr'><strong>ejus</strong></span> <span class='ocrx_word' id='word_1_368' title='bbox 852 4528 998 4578; x_wconf 85' lang='lat' dir='ltr'><strong>comburere</strong></span> <span class='ocrx_word' id='word_1_369' title='bbox 1005 4544 1012 4588; x_wconf 92' lang='lat'>;</span> <span class='ocrx_word' id='word_1_370' title='bbox 1039 4542 1130 4590; x_wconf 86' lang='lat' dir='ltr'><strong>corpus</strong></span> <span class='ocrx_word' id='word_1_371' title='bbox 1154 4532 1239 4577; x_wconf 87' lang='lat' dir='ltr'><strong>autem</strong></span> <span class='ocrx_word' id='word_1_372' title='bbox 1261 4529 1385 4579; x_wconf 85' lang='lat' dir='ltr'><strong>intactum</strong></span> 
     </span>
     <span class='ocr_line' id='line_1_42' title="bbox 140 4613 1384 4680; baseline 0.002 -16"><span class='ocrx_word' id='word_1_373' title='bbox 140 4614 176 4664; x_wconf 88' lang='lat' dir='ltr'><strong>ab</strong></span> <span class='ocrx_word' id='word_1_374' title='bbox 197 4613 255 4678; x_wconf 74' lang='lat' dir='ltr'><strong>igne</strong></span> <span class='ocrx_word' id='word_1_375' title='bbox 273 4614 424 4677; x_wconf 86' lang='lat' dir='ltr'><strong>permansit:</strong></span> <span class='ocrx_word' id='word_1_376' title='bbox 443 4613 488 4663; x_wconf 88' lang='lat' dir='ltr'><strong>sed</strong></span> <span class='ocrx_word' id='word_1_377' title='bbox 515 4613 545 4663; x_wconf 89' lang='lat' dir='ltr'><strong>de</strong></span> <span class='ocrx_word' id='word_1_378' title='bbox 572 4615 698 4665; x_wconf 82' lang='lat' dir='ltr'><strong>cineribus</strong></span> <span class='ocrx_word' id='word_1_379' title='bbox 721 4616 788 4678; x_wconf 73' lang='lat' dir='ltr'><strong>ignis</strong></span> <span class='ocrx_word' id='word_1_380' title='bbox 816 4616 886 4666; x_wconf 82' lang='lat' dir='ltr'><strong>seuit</strong></span> <span class='ocrx_word' id='word_1_381' title='bbox 912 4615 989 4665; x_wconf 81' lang='lat' dir='ltr'><strong>draco</strong></span> <span class='ocrx_word' id='word_1_382' title='bbox 1016 4613 1148 4680; x_wconf 83' lang='lat' dir='ltr'><strong>terribilis,</strong></span> <span class='ocrx_word' id='word_1_383' title='bbox 1176 4615 1220 4680; x_wconf 87' lang='lat' dir='ltr'><strong>qui</strong></span> <span class='ocrx_word' id='word_1_384' title='bbox 1237 4628 1384 4679; x_wconf 76' lang='lat' dir='ltr'><strong>germanum</strong></span> 
     </span>
     <span class='ocr_line' id='line_1_43' title="bbox 141 4699 1301 4768; baseline 0.003 -16"><span class='ocrx_word' id='word_1_385' title='bbox 141 4700 220 4753; x_wconf 79' lang='lat' dir='ltr'><strong>Olasi</strong></span> <span class='ocrx_word' id='word_1_386' title='bbox 237 4717 294 4752; x_wconf 87' lang='lat' dir='ltr'><strong>cum</strong></span> <span class='ocrx_word' id='word_1_387' title='bbox 312 4699 429 4766; x_wconf 86' lang='lat' dir='ltr'><strong>pluribus</strong></span> <span class='ocrx_word' id='word_1_388' title='bbox 446 4700 582 4756; x_wconf 84' lang='lat' dir='ltr'><strong>interfecit.</strong></span> <span class='ocrx_word' id='word_1_389' title='bbox 617 4701 685 4757; x_wconf 85' lang='lat' dir='ltr'><strong>Ultr.</strong></span> <span class='ocrx_word' id='word_1_390' title='bbox 721 4702 812 4757; x_wconf 80' lang='lat' dir='ltr'><strong>’saal</strong></span> <span class='ocrx_word' id='word_1_391' title='bbox 831 4716 909 4768; x_wconf 74' lang='lat' dir='ltr'><strong>egem</strong></span> <span class='ocrx_word' id='word_1_392' title='bbox 925 4701 994 4756; x_wconf 86' lang='lat' dir='ltr'><strong>Ultr.</strong></span> <span class='ocrx_word' id='word_1_393' title='bbox 1029 4700 1118 4757; x_wconf 71' lang='lat' dir='ltr'><strong>³saal</strong></span> <span class='ocrx_word' id='word_1_394' title='bbox 1139 4717 1216 4768; x_wconf 73' lang='lat' dir='ltr'><strong>ogsaa</strong></span> <span class='ocrx_word' id='word_1_395' title='bbox 1233 4702 1301 4755; x_wconf 82' lang='lat' dir='ltr'><strong>Ults.</strong></span> 
     </span>
    </p>
   </div>
   <div class='ocr_carea' id='block_1_11' title="bbox 0 0 1728 5428">
    <p class='ocr_par' dir='ltr' id='par_1_12' title="bbox 0 0 1728 5428">
     <span class='ocr_line' id='line_1_44' title="bbox 0 0 1728 5428; baseline 0 0"><span class='ocrx_word' id='word_1_396' title='bbox 0 0 1728 5428; x_wconf 95' lang='lat' dir='ltr'><strong> </strong></span> 
     </span>
    </p>
   </div>
  </div>
 </body>
</html>
