3496 5424
389 433 486 498 loun
506 441 635 498 sunem
654 445 765 498 ouum
785 445 887 498 nunus
906 445 952 502 au
968 436 1158 496 ansuinus.
1336 439 1394 506 139

157 643 219 706 qua
240 625 400 691 sacerdoti
430 625 599 707 conjuncta
628 625 741 704 iuerat,
777 627 867 708 quasi
899 627 938 690 de
970 643 1004 692 re
1034 629 1114 692 certi
1139 625 1393 708 supramodum

155 729 313 812 indignati
343 735 418 794 sunt
450 733 483 794 et
515 725 623 794 itlro'rc
653 720 751 796 nimio
784 716 932 795 succensi
955 731 1107 814 dolorem
1125 747 1217 796 suum
1243 730 1394 796 dissimu-

154 827 251 900 lando
285 839 543 918 suppresserunt.
589 835 735 912 Quadam
768 853 843 902 uero
878 836 932 900 dic
964 836 1169 900 sacerdotem
1204 835 1283 901 nibil
1319 835 1393 900 mali

155 941 374 1021 suspicantem
408 945 546 1004 evocant
570 944 604 1002 et
625 945 793 1021 assumpto
816 941 954 1022 quodam
978 939 1096 1006 cliente
1118 959 1177 1005 suo
1200 940 1394 1021 iniquitatis,

93 1051 107 1096 ⁵
158 1039 253 1126 quam
282 1049 506 1126 conceperant,
539 1045 669 1109 conscio
702 1046 794 1126 quasi
828 1045 993 1126 cujusdam
1021 1047 1067 1110 rei
1104 1045 1255 1127 gerendae
1291 1044 1396 1125 gratia

37 1205 39 1208 .
157 1165 268 1213 secum
292 1149 464 1215 abducunt.
509 1148 655 1230 Cumque
685 1156 811 1215 remote
842 1155 876 1214 et
904 1149 1009 1230 longe
1024 1169 1050 1214 a
1066 1149 1161 1214 domo
1185 1164 1246 1214 aua
1267 1150 1301 1213 in
1322 1145 1395 1214 loca

157 1253 334 1318 secretiora
363 1253 593 1330 devenissend,
628 1249 820 1336 arripientes
843 1247 1068 1336 presbyterum
1093 1247 1169 1319 nihil
1194 1247 1262 1320 tale
1285 1247 1395 1318 turni

110 1389 113 1394 ·
158 1353 288 1422 dentem
323 1349 473 1438 frangunt
503 1349 532 1422 el
562 1358 669 1432 tibias,
704 1359 875 1424 abscidunt
904 1356 1057 1440 linguam,
1089 1360 1243 1441 acupile
1281 1357 1393 1424 oculos

157 1463 468 1544 eruunt3l'denique
490 1483 560 1529 curn
584 1462 639 1528 ille
662 1463 774 1530 dolore
796 1466 909 1529 anxius
931 1464 1060 1546 linguae,
1084 1465 1250 1528 residuum
1264 1477 1394 1528 movens

95 1572 124 1617 10
157 1566 321 1632 balbutire
344 1567 517 1647 uideretur,
541 1569 731 1633 invadentes
757 1585 828 1632 eum
851 1573 976 1650 partein
996 1569 1128 1651 linguae,
1149 1586 1243 1651 qnam
1258 1569 1395 1650 relique-

156 1676 239 1751 rant,
263 1671 440 1754 forcipibus
464 1673 670 1738 extrahentes
692 1675 807 1738 iterum
832 1673 1010 1750 abscidunt,
1033 1679 1069 1738 et
1097 1675 1211 1739 eodem
1242 1669 1395 1738 sentuno

155 1777 271 1842 relicto
295 1777 328 1844 ln
352 1775 446 1842 domo
470 1771 636 1858 cujusdam
659 1773 865 1860 paupercule
893 1771 1039 1847 mulieris
1064 1775 1103 1844 ab
1127 1779 1204 1860 ipsa
1221 1783 1395 1860 susceptus

157 1881 310 1948 defertur.
357 1879 457 1946 Porro
492 1879 547 1946 llie
578 1883 701 1946 tantam
733 1889 884 1964 expertus
911 1883 1136 1948 crudelitatem
1168 1881 1330 1948 homiuum
1355 1882 1396 1947 de

153 1983 266 2052 divina
287 1986 459 2051 clementia
483 2004 546 2051 nou
571 1983 701 2065 diffidlt3
736 2005 792 2052 ore
822 1993 936 2053 tacens
966 1989 1083 2053 devoto
1107 1989 1210 2052 corde*
1229 1986 1394 2053 efficacius

95 2101 124 2146 1⁵
158 2087 312 2173 renuitur.
358 2089 618 2168 Quointlrmior,
649 2109 687 2155 eo
714 2091 829 2156 tortior
857 2097 891 2157 et
910 2098 1029 2174 potens
1050 2093 1095 2157 ad·
1114 2093 1289 2173 gloriosum
1313 2093 1397 2156 mar·

156 2201 261 2277 tyram
285 2196 429 2275 olavum,
464 2197 503 2260 de
531 2196 622 2277 cujus
652 2197 778 2262 meritis
808 2201 874 2262 tam
899 2214 1015 2279 magna
1040 2197 1298 2277 audierat,·totis
1321 2199 1396 2260 ood-

156 2315 272 2366 versus
303 2300 502 2381 precordiis,
537 2300 626 2366 illum
660 2301 722 2366 sibi
755 2300 787 2366 in
816 2289 910 2369 tanta
943 2304 1141 2367 necessitate
1172 2319 1235 2367 uon
1269 2303 1398 2368 deesse.

156 2403 400 2482 *Quomiserion
425 2420 464 2470 eo
479 2405 711 2486 miserabilior,
736 2423 800 2488 quo
822 2408 924 2488 magis
949 2409 1071 2486 anxius,
1096 2426 1135 2472 eo
1159 2407 1307 2473 obnixius
1325 2423 1399 2472 eum

146 2507 318 2590 'deposcit
363 2508 417 2574 Sic
444 2509 475 2574 in
506 2511 654 2576 oratione
676 2516 709 2576 et
731 2511 852 2591 gemitu
882 2516 916 2576 et
942 2512 1136 2578 contritione
1168 2512 1275 2578 cordis
1297 2511 1403 2593 persi-

95 2633 125 2679 no
158 2621 250 2679 mets
272 2629 366 2694 opem
392 2617 542 2697 martyris
563 2615 736 2697 implorare
754 2632 816 2680 non
836 2623 961 2682 cessat:
985 2599 1084 2684 miser
1102 2617 1315 2682 miseratione
1333 2617 1402 2698 dig-

160 2736 220 2784 nus
241 2724 375 2801 postero
399 2719 530 2784 tandem
555 2721 607 2784 die
629 2723 757 2803 soporis
781 2723 889 2804 quiete
910 2722 1092 2789 resolvitur.
1139 2721 1181 2785 lit
1204 2741 1280 2786 ecce
1302 2739 1402 2803 appa-

158 2826 226 2888 ruit
251 2826 280 2889 ei
305 2819 437 2888 saumas
460 2829 589 2906 martyr,
614 2825 723 2892 dicens
748 2844 784 2891 se
807 2845 880 2892 esse
905 2826 1048 2906 Olenum,
1074 2842 1170 2909 quem
1194 2831 1260 2892 tam
1283 2827 1403 2892 devote
1489 2855 1495 2874 ν

160 2935 194 2994 et
224 2929 339 2994 obnixe
370 2931 583 2994 invocaverat.
629 2931 755 2996 Deinde
784 2932 897 2996 oculos
926 2931 995 3015 ejus
1020 2938 1053 2997 et
1076 2933 1172 2997 tibias
1202 2938 1237 2996 et
1266 2943 1403 3014 quaque

161 3035 235 3100 loca
257 3033 367 3098 sancia
387 3033 506 3098 blande
533 3051 628 3100 manu
650 3041 854 3117 pertractans
879 3039 1021 3118 tandem,
1045 3043 1080 3102 ut
1104 3039 1145 3102 ad
1166 3037 1308 3117 linguam
1333 3037 1403 3118 ejus

98 3140 126 3186 2⁵
161 3155 306 3204 menum·
326 3153 418 3202 suam
453 3136 549 3216 misit,
584 3139 710 3205 radices
738 3139 830 3206 tanto
862 3145 1000 3206 extraxit
1029 3145 1206 3220 conamine,
1238 3146 1275 3208 ut
1306 3142 1403 3206 nimio

161 3240 274 3306 dolore
307 3245 440 3308 coactus
461 3243 645 3320 ,clamorem
682 3247 851 3311 maximum
894 3249 1046 3312 sacerdos
1088 3253 1262 3313 emitteret.
1324 3247 1403 3312 llioo

160 3351 239 3427 post
264 3346 439 3412 salutarem
473 3351 595 3412 tactum
630 3353 779 3431 martyris
809 3356 875 3416 tam
904 3352 1047 3430 graviter
1069 3354 1147 3416 laeso
1172 3358 1263 3417 tanta
1286 3351 1404 3416 divinae

160 3451 298 3532 pietatis
316 3451 450 3516 ubertas
473 3451 572 3532 siluit,
601 3459 637 3520 ut
666 3447 744 3519 nibil
774 3457 903 3521 omnino
933 3473 1048 3538 passus
1078 3458 1260 3522 videretur:
1294 3457 1405 3537 lingua

160 3555 299 3634 reddite,
324 3554 412 3622 tibia
443 3561 574 3634 sanata,
607 3559 690 3624 oculi
708 3561 856 3624 restituti
883 3566 915 3626 et
936 3561 1018 3642 loca,
1043 3581 1115 3643 quae
1139 3562 1269 3626 fuerant
1291 3561 1403 3626 vulne·

98 3673 128 3718 ao
162 3661 308 3724 salevel
332 3661 419 3740 laesa,
443 3662 683 3742 integerrimam
708 3682 862 3745 recepere
875 3668 1077 3748 sospitatem.
1124 3666 1159 3728 ln
1179 3670 1403 3744 argumentum

161 3772 282 3839 temen,
316 3765 402 3846 quod
426 3765 662 3834 oculiluerant
695 3770 789 3849 eruti,
823 3771 979 3836 remansit
1012 3771 1045 3836 in
1076 3770 1243 3852 palpebris
1272 3769 1404 3837 cicatrix

162 3867 323 3936 candidat
871 3903 872 3906 ¹

247 3999 290 4040 1x.
336 3973 480 4054 Contigit
501 3981 613 4041 sancto
645 3977 752 4043 adhuc
780 3979 908 4046 vivente
939 3981 971 4044 in
1001 3999 1107 4059 carue,
1141 3981 1228 4061 quod
1264 3980 1403 4062 quadam

163 4078 216 4143 die
241 4077 400 4144 dominica
423 4079 585 4159 gloriosus
618 4101 674 4146 rex
701 4083 821 4148 Olavus
852 4086 1007 4166 virgulam
1031 4085 1126 4167 torte,
1148 4086 1208 4150 ubi
1227 4085 1403 4166 residebat,

138 4311 143 4322 ‚
234 4267 241 4292 ¹
261 4268 302 4342 ira
322 4271 620 4334 propter-devenissent
643 4273 703 4336 mgl.
722 4273 811 4338 Nch.
864 4270 1034 4326 ’Istedenior
1050 4277 1090 4328 ira
1114 4277 1221 4350 denique
1245 4277 1287 4334 (L.
1308 4273 1335 4336 9)
1358 4277 1405 4332 luat

162 4357 254 4422 NLag:
274 4358 348 4408 Hunc
366 4371 409 4422 per
427 4359 515 4432 merite
533 4359 598 4410 beati
617 4360 683 4424 regis
702 4369 728 4410 et
745 4365 862 4428 martyria
882 4365 954 4416 Olavi
974 4373 1000 4414 et
1021 4381 1053 4414 ex
1073 4366 1152 4427 gratia
1165 4367 1227 4422 desa
1237 4365 1330 4422 Christi
1349 4365 1404 4422 uni·
1509 4429 1511 4434 y

163 4460 236 4496 uersa
254 4445 357 4496 ecelesia
375 4445 487 4510 ejusdem
505 4448 615 4509 regionis
632 4449 731 4499 noverit
750 4446 776 4510 (l)
796 4453 908 4516 pristinae
926 4454 1028 4512 sanitati
1049 4453 1199 4510 restitutum.

212 4651 215 4656 -
247 4607 300 4691 tx]
316 4615 400 4678 nom.
419 4617 560 4676 rst-sr
575 4613 643 4693 (m),
664 4613 1402 4700 leg.satge110,sv.bag.alemaniae-da

166 4698 342 4793 (Omissa.
368 4713 451 4805 186).
497 4721 609 4790 Sacrae
641 4729 769 4799 punbelen
798 4729 897 4800 denne
920 4726 1118 4816 Begireuhed
1138 4723 1220 4807 (men
1241 4725 1314 4788 ikke
1338 4745 1404 4790 eom
