3524 5424
329 442 369 504 ⁷2
858 435 1049 490 raonouns.

277 689 280 696 ,
331 622 411 686 time
438 621 544 700 nosti,
578 619 763 686 obsecundo
786 626 895 686 tamen
917 618 1039 684 nostris
1063 617 1277 686 amminiculis
1301 615 1414 696 iratus,
1436 616 1567 682 iliorum

330 724 462 791 edacem
486 725 619 790 livorem
643 723 881 806 postponendo,
911 725 939 789 si
969 723 1045 805 quiri
1080 729 1192 788 nostra
1220 721 1330 801 refert,
1362 720 1464 804 [quod
1494 721 1568 788 vos¹

330 830 455 911 posteri
479 828 548 893 baec
571 829 632 892 mei
653 827 775 894 laboris
799 811 1020 894 emolumenta
1042 827 1224 906 babebitis3
1247 845 1311 907 qua
1331 827 1363 890 in
1386 845 1422 890 re
1444 826 1567 909 siquid

330 935 461 998 indocta
482 933 627 1014 parentis
650 931 812 1008 forisfecit
833 933 1023 1014 procacitas,
1049 933 1190 998 clemens
1212 919 1397 996 mandantis
1421 931 1569 996 remittat
1758 971 1759 1001 r

331 1038 458 1102 caritas.
492 1035 540 1100 Tu
560 1023 669 1117 igitur,
690 1054 708 1101 o
727 1034 886 1117 Agnelle²,
907 1035 979 1117 inre
1003 1035 1198 1102 didascalico
1220 1037 1264 1100 mi
1286 1035 1431 1117 prelata,
1453 1039 1568 1100 utcnn·
1623 1044 1641 1090 ⁵

331 1158 395 1221 que
426 1139 480 1204 aiii
513 1139 621 1205 ierant
652 1139 724 1204 baec
747 1159 819 1206 mea
847 1140 976 1221 scripta.
1000 1138 1148 1221 legentes
1175 1159 1239 1207 non
1267 1140 1433 1206 rhetorico
1455 1138 1570 1221 lepore
1758 1145 1759 1156 ¹

331 1244 443 1326 polita,
471 1244 569 1308 immo
592 1243 794 1326 scrupulosis
816 1244 1026 1311 barbarismis
1045 1243 1212 1326 implicita,
1235 1247 1403 1326 gratanter
1419 1248 1457 1309 ut
1475 1244 1571 1309 decet

274 1425 283 1444 ⁵
332 1347 476 1412 amicum.
502 1349 649 1429 accipito.
701 1339 815 1429 Neque
850 1350 935 1413 enim
966 1347 1071 1413 landis
1101 1349 1215 1414 avidus
1243 1354 1279 1414 nt
1306 1347 1571 1430 chronographus

217 1445 238 1469 ”’
275 1445 287 1466 ’“
334 1452 439 1522 existo
463 1470 568 1534 neque
593 1452 744 1536 vituperii
767 1454 917 1518 stimulos
940 1459 976 1520 ut
997 1454 1166 1523 falsidicus
1191 1451 1373 1532 saborre0³,
1396 1471 1470 1536 cum,
1490 1453 1571 1517 nibil

260 1620 265 1632 ,
333 1575 425 1622 ame
449 1556 489 1622 de
517 1555 690 1622 vetustatis
712 1558 795 1623 serie
826 1577 942 1626 norum
971 1559 1022 1624 vel
1044 1560 1225 1628 inauditum
1249 1558 1489 1638 assumpserim,
1511 1557 1570 1623 sed
1608 1565 1644 1610 10
1759 1593 1760 1658 ἦ

333 1663 365 1725 in
396 1661 545 1725 omnibus
576 1663 739 1728 seniorum
771 1666 970 1728 assertiones
999 1670 1143 1730 secutus.
1193 1665 1228 1730 Si
1249 1663 1327 1748 quid
1348 1643 1425 1748 nepo
1448 1664 1570 1728 nostris
1759 1663 1760 1676 ¹

336 1767 534 1846 temporibus
556 1767 712 1829 memoria
746 1767 877 1846 dignum
909 1768 1068 1834 accidisse
1095 1769 1236 1852 repperi,
1265 1767 1327 1832 hoc
1360 1765 1482 1854 ipsum}
1514 1767 1571 1832 ed-

335 1871 413 1936 didi.
443 1871 596 1950 quoniam
629 1869 803 1936 multorum
839 1869 1096 1954 magnificentias
1126 1890 1199 1936 cum
1228 1872 1296 1938 suis
1320 1851 1506 1936 auctoribus
1530 1871 1571 1936 ob

335 1975 531 2057 scriptorum
546 1975 688 2057 inopiam
708 1996 727 2040 a
744 1977 901 2043 memoria
915 1975 1144 2044 modernorum
1155 1976 1302 2058 quotidie
1314 1959 1571 2058 elabi'persperi.

406 2161 412 2192 ¹
448 2163 489 2227 Gj.
508 2164 629 2228 qnosGd.
682 2161 746 2216 ²M.
764 2165 880 2227 nrrgnelie
899 2165 961 2225 (ken
980 2181 1058 2230 ogone
1076 2168 1147 2216 laeses
1166 2161 1296 2227 engueilo)
1316 2161 1363 2214 Cd.
1412 2158 1478 2212 ΙΜ.
1496 2178 1572 2213 exor-

334 2267 379 2302 reo
398 2253 444 2304 Gd.
464 2249 523 2313 (den
540 2254 619 2303 sidem
638 2269 649 2301 r
667 2267 695 2302 er
712 2267 757 2302 saa
775 2254 865 2312 nabeo,
884 2265 910 2303 et
928 2255 975 2303 den
994 2255 1075 2318 iigner
1092 2249 1118 2311 v)
1162 2245 1172 2284 ⁴
1190 2251 1212 2301 B
1230 2251 1358 2302 tornoder
1375 2251 1436 2316 ipsa.

422 2425 448 2480 1.
493 2414 685 2500 obsecundo]
711 2426 781 2502 „jag
803 2425 939 2500 adiyder,
961 2425 1100 2484 abolende
1117 2442 1179 2499 psa
1197 2423 1235 2482 ds
1258 2421 1488 2499 Hjaripekilder,
1518 2423 1575 2498 jag

335 2529 399 2603 her,
433 2528 500 2588 idet
525 2531 579 2604 jag
610 2529 823 2588 tileidesmtter
844 2529 1001 2604 Henspnet
1028 2530 1064 2588 til
1086 2528 1309 2598 Miaundelsen,
1330 2525 1502 2588 foramini
1519 2528 1575 2602 jag

335 2618 542 2694 everbovadet
561 2635 676 2712 legger
702 2653 804 2710 nogen
833 2634 920 2710 Vaagt
949 2653 1009 2711 poa
1039 2630 1189 2696 denue.“.
1216 2634 1251 2692 B.
1306 2631 1509 2700 Hortatorem
1544 2631 1577 2690 af
1609 2663 1612 2668 ·

338 2741 384 2810 „si
408 2739 532 2816 quidm
555 2735 598 2796 r.“
624 2740 663 2798 til
685 2740 738 2798 det
758 2739 964 2816 foregaaende
985 2739 1110 2814 skyldes
1135 2739 1287 2814 Gjessing.

420 2845 449 2902 4.
494 2835 646 2920 parantis]
672 2844 724 2918 „cf
743 2844 811 2913 dan,
836 2862 901 2904 eom
923 2839 1077 2918 adlyder.“
1124 2844 1157 2902 B.

420 2949 451 3006 4.
496 2939 660 3022 forisfecit]
684 2947 735 3018 '„d.
760 2968 786 3005 e.
810 2948 946 3020 offendit,
970 2950 1076 3007 nocuit
1098 2943 1203 3019 (midd.
1226 2941 1324 3016 lot.).“
1370 2943 1421 3002 Β..

421 3054 450 3109 4.
495 3042 682 3127 procacitas]
708 3052 757 3122 ,d.
782 3071 808 3110 e.
833 3049 1079 3110 Ubesirsdenhed
1099 3053 1110 3109 i
1134 3056 1165 3109 at
1186 3051 1262 3109 bave
1284 3052 1430 3126 proteget
1464 3047 1511 3122 sig
1543 3050 1577 3104 ct

337 3155 481 3227 Arbeido
505 3173 570 3214 som
591 3175 661 3214 men
683 3155 754 3214 ikke
778 3175 811 3214 er
835 3153 962 3215 rosen.“
1007 3157 1041 3214 Β.
