3448 5428
366 411 429 475 282

368 599 501 678 predicti
534 599 633 660 adhue
666 604 739 659 sont
766 597 938 676 insignum
963 599 1101 659 miraculi
1121 601 1153 658 in
1176 599 1308 660 eeclesia
1329 619 1394 661 suu.
1418 601 1470 661 ubi
1494 621 1605 679 eorpus

366 708 434 766 eius
468 709 516 765 eet
548 705 711 782 sepultum.
767 703 903 777 Quodam
930 705 1022 762 etium
1051 705 1161 764 oiuites
1190 707 1222 764 in
1251 705 1356 765 russie
1383 703 1486 766 subito
1516 707 1606 767 deno·

367 816 449 871 stete
481 817 549 870 eret
581 811 709 870 maximo
737 809 889 870 incendio.
920 810 964 866 ite
993 810 1075 886 quod
1096 809 1212 869 nulium
1235 810 1380 870 auxilium
1404 817 1472 871 eret
1493 813 1606 872 facien·

365 917 437 978 dum
470 917 508 975 eb
541 913 724 974 hominibus.
769 913 898 987 Quidam
926 931 1001 973 uero
1025 914 1170 974 seoerdoe
1206 915 1243 975 de
1277 917 1408 976 ecclesie
1437 919 1608 994 ymaginem

366 1023 464 1082 saneti
487 1021 620 1080 mertinis
643 1019 731 1079 Oioui
759 1017 889 1077 efferens
918 1023 1025 1077 contro
1052 1019 1227 1079 incendium
1252 1021 1336 1080 illam
1357 1023 1468 1082 tenuit.
1491 1026 1524 1081 et
1546 1027 1606 1083 stu·
1651 1031 1663 1076 t

365 1129 420 1186 tim
441 1127 566 1188 flemme·
581 1126 751 1203 ymaginem
772 1124 895 1200 fugiens
919 1123 956 1182 oti
979 1128 1092 1183 terrm
1116 1117 1253 1186 oeoidit¹.

460 1231 583 1292 Accidit
615 1249 738 1307 quoque
772 1229 857 1307 qnod
894 1229 1017 1306 quidem
1049 1231 1218 1308 imperator
1250 1233 1607 1309 constantinopolitanus

366 1337 479 1398 bellum
505 1337 635 1396 baberet
662 1355 729 1394 oum
759 1335 897 1412 paganis.
921 1339 953 1392 et
976 1336 1057 1411 quod
1082 1338 1194 1412 pagini
1216 1339 1247 1395 in
1271 1337 1403 1414 decuplo
1426 1339 1534 1414 plures
1557 1359 1607 1398 nr·

364 1447 464 1502 mutos
504 1441 660 1502 hebebant
692 1459 783 1517 quern
816 1439 976 1498 christiani
1010 1439 1121 1499 multos
1156 1442 1340 1501 christianos
1374 1445 1606 1504 interfecerunt

365 1548 480 1608 Videns
518 1551 619 1606 eutem
655 1547 824 1623 imperator
860 1545 1029 1621 perieulum
1066 1547 1227 1606 maximum
1260 1549 1362 1606 orauit
1394 1549 1433 1606 od
1467 1553 1607 1608 senotiim
1638 1549 1663 1596 1⁰

361 1656 491 1714 Olenum
515 1653 631 1712 diosus.
677 1651 701 1711 0
724 1651 918 1710 sanctissime
940 1653 1047 1710 martir
1069 1656 1101 1709 et
1121 1657 1282 1728 protector
1305 1653 1513 1713 desolatorum
1534 1673 1606 1714 suo·

360 1779 450 1820 ourre
473 1757 564 1817 miobi
586 1761 617 1815 et
639 1758 714 1817 meis
735 1757 767 1814 in
790 1756 848 1814 hiis
871 1757 985 1833 positis
1007 1756 1270 1816 tribulationibus.
1322 1758 1363 1818 Et
1385 1761 1411 1816 si
1431 1760 1523 1818 michi
1545 1761 1606 1818 ium

359 1869 471 1924 eontra
499 1881 637 1940 paganos
667 1863 806 1920 inimicos
830 1863 930 1919 erneis
954 1859 1061 1920 christi
1083 1863 1244 1922 uictoriam
1268 1864 1471 1924 concesseris.
1496 1866 1527 1923 in
1550 1869 1605 1924 too

358 1970 479 2030 honore
504 1967 653 2044 templum
674 1967 913 2044 pulcherrimum
936 1970 967 2024 et
989 1985 1110 2026 ornnem
1133 1985 1256 2026 aureum
1279 1968 1346 2028 fieri
1368 1971 1487 2028 facium.
1534 1970 1604 2030 Sto-

360 2077 415 2134 tim
443 2075 540 2151 igitur
560 2076 596 2131 ut
617 2072 714 2132 uerbo
734 2073 946 2150 compleuerat
967 2073 1053 2130 uenit
1075 2077 1200 2132 sanetus
1222 2075 1330 2132 martir
1353 2066 1523 2150 [tunquam
1545 2085 1604 2134 rex
1637 2089 1661 2133 15
1709 2079 1710 2082 ’

361 2175 536 2238 coronatus
559 2168 681 2236 sedens
704 2187 802 2252 super
824 2187 944 2251 equum
967 2167 1075 2234 album
1099 2175 1244 2236 umatus
1268 2179 1386 2238 hebens
1408 2181 1441 2238 in
1463 2179 1605 2240 menibus

360 2285 513 2345 uexillum.
557 2275 595 2342 In
623 2293 686 2341 uno
720 2275 824 2342 latere
847 2274 971 2340 hebens
994 2289 1123 2340 crucem
1147 2275 1279 2342 rubeam
1304 2295 1375 2342 eum
1400 2294 1523 2344 corona
1543 2277 1606 2361 pli·

362 2389 437 2449 oeta
469 2387 624 2463 tanquam
658 2381 698 2446 de
732 2379 844 2463 spinis.
881 2383 915 2444 et
943 2377 1091 2445 omnibus
1121 2379 1219 2446 ermis
1247 2380 1371 2446 christi.
1416 2382 1461 2448 nt
1481 2383 1516 2448 in
1538 2383 1605 2450 ulio

359 2488 465 2555 latero
495 2503 587 2552 arma
618 2485 725 2551 suncti
758 2485 899 2550 martiris
930 2491 1036 2551 dicens
1067 2493 1104 2550 ei.
1149 2491 1319 2570 Sequimini
1344 2513 1391 2556 me
1420 2497 1452 2554 in
1481 2497 1605 2556 nomine

361 2601 448 2661 ihesu
471 2599 589 2659 obsisti.
615 2602 647 2657 et
674 2598 836 2658 uiotoriem
858 2596 1051 2656 obtinebitis.
1075 2599 1148 2674 quio
1169 2601 1299 2658 nuestus
1323 2589 1449 2658 assum².
1493 2599 1535 2660 Et
1559 2602 1604 2666 sie
1635 2613 1662 2656 eo

358 2727 415 2766 eos
437 2704 609 2783 pressione
639 2704 702 2780 ipsi
732 2704 830 2762 secuti
852 2705 933 2762 sunt.
978 2701 1068 2774 Quod
1089 2706 1202 2781 pegeni
1224 2704 1367 2764 uidentes
1389 2723 1496 2763 omnes
1517 2705 1607 2783 fuge·

360 2813 443 2870 sunt.
486 2809 528 2870 Et
556 2810 609 2886 qui
637 2810 744 2886 fugere
774 2828 837 2867 non
860 2811 1005 2884 poterant
1024 2808 1181 2868 interiecti
1205 2813 1286 2868 eunt.
1330 2809 1416 2868 Tune
1437 2811 1607 2887 imperator

363 2916 453 2975 deum
479 2918 517 2973 es
549 2917 689 2973 sunctum
721 2915 876 2972 martirem
907 2911 1035 2971 Olouum
1064 2913 1233 2974 benedixit.
1258 2918 1289 2973 et
1310 2916 1494 2991 promissum
1518 2935 1606 2976 suum

362 3021 562 3082 deuotissime
597 3018 773 3096 eompleuit
807 3019 846 3077 sd
880 3019 965 3076 ouius
1000 3037 1078 3094 opus
1108 3019 1235 3078 sobrios.
1266 3023 1327 3078 tem
1355 3019 1470 3079 deuote
1490 3021 1552 3080 fuit
1572 3025 1608 3082 ut

363 3129 508 3203 prompte
538 3124 646 3202 populi
680 3125 807 3182 uictoris
840 3123 955 3183 oblatio
990 3128 1141 3199 quotenus
1171 3125 1311 3202 perfeeto
1333 3125 1466 3184 ecclesie
1486 3128 1606 3204 ingenti
1637 3132 1662 3177 ²5

359 3237 396 3290 ot
427 3231 562 3308 pei-uotis
597 3229 737 3288 omnibus
772 3247 831 3307 que
859 3229 898 3287 ed
926 3230 991 3287 eius
1019 3235 1159 3288 ornatum
1187 3233 1276 3288 erent
1298 3233 1480 3290 necessarie.
1505 3231 1606 3293 adhue

363 3335 491 3396 multum
523 3337 704 3409 superesset
737 3333 774 3393 de
809 3333 914 3393 oblatu
941 3335 1083 3409 peounio.
1127 3334 1168 3393 Et
1191 3339 1336 3412 quantum
1359 3335 1418 3393 hiis
1441 3335 1606 3399 beneficio·

362 3461 429 3500 rum
460 3440 601 3516 insigniis
636 3441 769 3498 omnium
802 3441 920 3498 unimus
953 3441 984 3497 in
1016 3440 1100 3498 beuti
1129 3441 1262 3499 mentitis
1293 3441 1443 3517 obsequio
1472 3442 1606 3502 deuotus

364 3547 518 3604 extiterat.
551 3544 714 3602 multorum
740 3564 842 3605 rerum
871 3548 980 3604 ornate
1007 3545 1218 3621 pretiositate.
1239 3547 1270 3603 in
1294 3565 1355 3622 quo
1383 3547 1451 3622 ipse
1485 3551 1605 3625 requie·

364 3651 424 3710 soit
445 3651 580 3708 testetur
603 3648 744 3710 ecelesia.
804 3716 807 3724 ,
1638 3675 1664 3719 eo

437 3833 442 3861 ¹
464 3829 575 3890 Propter
591 3827 640 3878 hoe
664 3828 815 3880 mireeuhm
837 3827 892 3880 haeo
917 3830 1007 3880 eivites
1024 3833 1084 3892 poet
1099 3829 1148 3879 hoo
1166 3810 1263 3892 incepit
1280 3835 1396 3880 sunctum
1414 3830 1523 3881 Olnvnm
1540 3847 1606 3882 mur·

363 3923 445 3986 tyroni
471 3918 497 3967 in
526 3917 636 3968 maxime
663 3919 797 3968 devotione
828 3917 930 3978 hebere,
958 3916 1029 3982 eujus
1051 3917 1144 3967 testum
1163 3921 1201 3968 est
1218 3917 1286 3967 indie
1304 3922 1449 3969 senotorum
1466 3923 1606 3988 martyrum

360 3997 458 4056 'Felicis
477 4010 502 4055 et
520 4005 657 4070 Simplicii,
674 4005 791 4057 Faustini
810 4009 836 4057 et
853 4006 986 4057 Beotriois.
1005 4004 1054 4056 tili.
1075 4003 1143 4058 Ultr.
1186 4007 1195 4036 ²
1217 4005 1278 4058 seul.
1297 4021 1374 4070 ogsau
1391 4006 1469 4068 Ultr„
1488 4007 1560 4059 undt.
1578 4013 1606 4057 st

362 4087 407 4144 'det
424 4094 482 4144 ber:
513 4097 569 4148 bene
596 4097 706 4146 armutus
728 4093 824 4145 hebens
846 4095 874 4145 iu
895 4092 1011 4145 munibus
1030 4095 1080 4143 suis
1099 4093 1222 4144 vexillum
1239 4114 1289 4147 curu
1307 4097 1362 4148 aito
1379 4115 1459 4162 panno
1478 4108 1502 4148 et
1521 4123 1552 4132 -
1573 4121 1604 4132 -

362 4183 480 4249 martyris
501 4182 577 4236 Olooi
591 4195 615 4236 et
631 4185 696 4236 diets
715 4186 858 4250 imperatori
874 4209 905 4220 -
925 4182 1021 4233 Christi
1038 4195 1061 4236 et
1080 4182 1108 4236 S·
1131 4182 1211 4235 Oiovi.
