3524 5424
356 423 414 488 ,54
801 419 1000 477 rnnonnrcr
1015 419 1182 476 mousom

457 605 574 672 Nonne
602 603 701 671 etiam
728 602 840 670 infelix
860 603 995 671 ambitio
1018 603 1162 686 impollt¹
1188 603 1419 686 Domitianum,
1449 603 1608 673 bominem

375 709 642 776 scelestissimum
665 713 699 774 et
720 709 957 790 quodammodo
981 709 1118 776 alterum
1146 709 1318 790 Neronem,
1339 709 1489 775 insidiari
1518 727 1609 792 sung-

373 815 442 880 uini
473 813 585 880 fratris
611 813 663 878 sui
685 813 771 879 Titi'l
814 813 876 878 llic
905 813 997 879 Titus
1022 831 1090 895 proe
1113 815 1274 880 suavitate
1297 831 1421 879 morum
1443 816 1478 878 et
1498 812 1611 878 inolita

373 919 522 986 bonitate
543 919 649 984 dictus
683 920 735 984 est
761 917 922 984 delitioe
951 915 1106 982 humani
1130 919 1300 999 generis,
1322 923 1357 984 et
1379 935 1450 984 oum
1474 919 1611 1000 quodum

375 1024 428 1090 die
451 1021 741 1106 advesperascente
767 1023 1031 1088 reminisceretur
1062 1039 1098 1086 se
1130 1022 1252 1087 nemini
1284 1023 1457 1104 quicquam
1490 1040 1530 1089 eo
1561 1023 1611 1088 die

374 1124 525 1194 beneficii
544 1125 765 1208 impendisse²,
786 1145 825 1193 eo
844 1126 932 1209 quod
952 1126 1058 1191 nullos
1077 1125 1290 1208 postulasset,
1310 1127 1431 1192 dixisse
1450 1126 1554 1193 lertur
1572 1127 1612 1192 ad

375 1229 615 1298 commilitones
627 1247 722 1297 suos:
745 1231 860 1312 Hodie,
884 1231 998 1313 inquit,
1022 1229 1107 1294 diem
1130 1230 1267 1311 perdidi,
1291 1231 1368 1313 quio
1390 1231 1469 1296 nulli
1493 1232 1613 1312 aliquid

375 1335 586 1401 emolumenti
615 1335 768 1418 impendi.
818 1336 966 1401 Fratrem
1000 1349 1075 1400 vero
1105 1335 1325 1400 Domitianum
1360 1336 1451 1401 suavi
1485 1336 1613 1418 eloquio

375 1440 591 1519 demulcebat,
613 1457 732 1521 rogans
757 1457 799 1505 ne
829 1456 866 1504 se
889 1438 1038 1504 foedaret
1059 1437 1203 1502 fraterno
1227 1440 1394 1520 sanguine,
1417 1441 1450 1504 in
1471 1440 1563 1505 brevi
1585 1440 1614 1504 ei

377 1545 549 1611 affuturum
578 1545 766 1626 imperium:
794 1563 864 1610 'nou
897 1543 1013 1609 decere
1045 1560 1118 1608 eum
1152 1561 1223 1607 oum
1253 1548 1346 1609 tauto
1379 1543 1506 1609 scelere
1537 1542 1615 1608 illud

378 1636 578 1732 comparare.
623 1648 717 1727 Quod
752 1648 846 1730 (prob
879 1646 985 1729 dolor)
1019 1647 1115 1711 nimis
1144 1653 1256 1711 verum
1279 1647 1350 1727 luit,
1372 1652 1506 1713 namet
1526 1647 1615 1712 Titos

375 1755 409 1820 in
437 1753 574 1833 imperio
607 1753 737 1818 biennio
765 1755 891 1817 tantum
917 1751 998 1814 vixit
1027 1755 1060 1816 et
1087 1751 1193 1816 eidem
1217 1751 1421 1816 Domitianus
1444 1753 1615 1832 suecessit,

377 1859 432 1941 'qui
459 1858 559 1923 etiam
580 1857 642 1922 boc
670 1857 738 1922 suis
768 1855 949 1922 sceleribus
972 1855 1106 1934 addidit,
1134 1855 1221 1936 quod
1245 1856 1420 1921 secundam
1443 1874 1462 1920 a
1484 1857 1617 1922 Nerone

369 1963 640 2044 persecutionem
674 1962 708 2027 in
744 1960 938 2026 christianos
974 1959 1085 2024 movit.
1144 1961 1213 2024 lam
1252 1977 1328 2026 vero
1362 1965 1476 2032 nostra
1508 1979 1616 2043 perse·

378 2085 523 2150 quomur.
567 2099 571 2106 ·

378 2359 457 2445 (lap.
481 2360 611 2428 XXVII.
655 2359 749 2438 Quod
782 2375 840 2424 rer
865 2357 1001 2439 llagnus
1034 2375 1169 2440 reguum
1198 2357 1378 2440 Noruagie
1405 2355 1518 2424 divisit
1546 2375 1620 2423 oum

733 2467 852 2545 patruo
875 2462 971 2528 etde
994 2462 1086 2528 obitu
1107 2461 1263 2544 eusdem.

461 2701 599 2782 Magnus
628 2717 683 2764 rex
711 2702 748 2763 ut
778 2695 902 2763 audivit
923 2695 1101 2762 llaraldum
1129 2701 1281 2778 patruum
1311 2713 1406 2762 suum
1429 2699 1462 2761 et
1484 2693 1623 2762 Sueino-

369 2803 469 2870 ›nem⁸
489 2805 522 2869 in
539 2803 742 2885 Norwagiam
761 2799 942 2885 prolectos‘
962 2801 1078 2866 foedus
1101 2807 1215 2890 contra
1237 2819 1272 2866 se
1295 2799 1416 2880 iniisse,
1440 2819 1458 2864 e
1481 2801 1622 2882 vestigio

379 2909 454 2975 illos
476 2909 642 2974 insecutus
672 2912 730 2972 est.
786 2906 829 2971 At
855 2904 903 2972 illi
937 2905 1108 2971 audientes
1137 2908 1223 2987 regis
1252 2905 1436 2980 adventum,
1467 2909 1622 2971 verentes

381 3031 553 3080 occurrere
583 3011 654 3092 illil,
687 3012 809 3078 reversi
839 3015 916 3076 runt
942 3011 975 3075 iu
998 3012 1142 3077 Dacium.
1187 3009 1405 3076 considerans
1428 3009 1543 3090 itaque
1567 3027 1624 3074 rex

380 3113 516 3198 Magnus
549 3119 586 3182 se
615 3115 666 3183 vix
698 3134 797 3198 posse
826 3115 911 3181 tueri
933 3120 1106 3197 utrumque
1128 3134 1260 3196 regnum
1285 3113 1324 3179 ab
1349 3131 1459 3179 eorum
1483 3113 1622 3180 infesta·

381 3223 480 3302 tione,
503 3221 606 3286 missa
626 3221 792 3302 legatione
813 3222 978 3286 revocavit
1001 3217 1209 3286 ιιιιιιιιιιιΙιιιιι6
1230 3237 1324 3285 suum
1341 3219 1532 3296 Haraldurn,
1555 3223 1623 3284 tra·

381 3325 461 3392 dens
486 3325 516 3390 ei
535 3325 699 3390 dimidium
721 3328 848 3407 purtem
866 3325 958 3405 regni
972 3325 1162 3405 Norvvagiae,
1183 3323 1261 3412 nihil
1285 3325 1318 3388 in
1341 3329 1454 3388 mutua
1476 3323 1623 3406 recipro-

382 3431 512 3496 catione
540 3445 688 3512 poscens,
716 3430 944 3511 praeterquod
966 3447 1100 3510 regnum
1128 3433 1303 3509 utrumque
1334 3445 1406 3493 cum
1435 3446 1474 3493 eo
1506 3427 1622 3494 delen-

380 3553 454 3600 sare
482 3533 626 3614 deberet,
655 3533 702 3598 ita
731 3537 840 3598 tamen
867 3538 904 3598 ut
932 3533 964 3598 in
992 3551 1092 3614 regno
1116 3533 1225 3598 Daciae
1248 3533 1336 3598 solus
1359 3531 1494 3612 Magnus
1517 3533 1623 3614 impe·

380 3642 478 3703 roret.
530 3637 608 3702 Haeo
640 3637 814 3703 concordia
837 3636 986 3702 convenit
1007 3637 1092 3703 inter
1113 3641 1265 3720 nepotem
1290 3642 1324 3702 et
1347 3636 1554 3702 ιιιιιιιιιιΙιιιιι6
1591 3637 1625 3703 iu

380 3740 525 3823 Uplond'
563 3742 605 3806 ad
637 3746 787 3822 stagnum
820 3742 853 3804 in
888 3743 1066 3822 praeseutia
1099 3740 1268 3807 Grimlrelli
1310 3741 1479 3830 episcopi,
1502 3741 1623 3806 Einars

381 3843 664 3910 thambaslrelmis⁸
696 3850 731 3912 et
759 3843 896 3910 aliorum
920 3845 1095 3910 multorum
1124 3843 1315 3927 principum,
1350 3845 1405 3926 qui
1435 3845 1623 3910 omnimodo

382 3948 595 4016 decreverant
615 3949 661 4014 'se
690 3949 779 4014 nullo
809 3951 905 4015 modo
934 3951 994 4015 sub
1026 3949 1151 4024 duobus
1173 3949 1306 4031 regibus
1329 3949 1414 4014 velle
1437 3949 1535 4030 agere
1556 3950 1623 4014 nisi

380 4071 462 4136 pace
485 4051 736 4119 confoederatis.
781 4053 935 4119 Sciebant
965 4053 1077 4136 procul
1112 4054 1225 4119 ιίιιιιῑο9
1254 4071 1350 4120 omne
1372 4071 1505 4134 regnum
1527 4053 1561 4118 in
1585 4072 1623 4118 sa

382 4158 519 4222 divisum
549 4156 758 4222 desolandum
788 4157 927 4240 ideoque
954 4161 1140 4225 statuerunt
1161 4157 1343 4224 certissime
1363 4159 1450 4223 inter
1470 4177 1506 4224 se
1529 4157 1623 4223 illum

398 4461 406 4472 ·
449 4423 537 4480 'Am
555 4429 656 4494 expulit
672 4425 702 4488 (l)
721 4429 748 4480 S.
782 4425 872 4480 'AK.
891 4430 1094 4494 impendendisne
1112 4431 1137 4482 S.
1181 4426 1235 4480 ⁸S.
1253 4431 1413 4482 Sweinouem
1432 4427 1493 4480 All.
1526 4424 1621 4478 *ΑΚ

380 4515 509 4579 proiectus
527 4516 554 4566 S.
590 4511 639 4568 ⁶8.
658 4518 681 4567 ei
699 4515 758 4567 ΑΚ.
794 4512 885 4579 MK,
905 4525 961 4568 men
979 4519 1116 4570 iRenden:
1135 4520 1152 4568 1.
1171 4525 1298 4580 patruum.
1326 4517 1515 4568 Bbenracrlrer:
1540 4531 1621 4569 avun-

380 4605 453 4654 culus
469 4609 630 4668 propatruo.
650 4611 768 4667 patruum
786 4605 812 4656 S.
852 4601 931 4655 'sm
950 4603 1053 4670 Uplend
1072 4607 1105 4655 A.
1150 4602 1254 4656 ”restet
1271 4607 1279 4654 i
1298 4607 1330 4655 K.
1374 4605 1504 4657 Thamboa
1522 4605 1621 4656 lielmis

388 4692 440 4743 As.
476 4686 565 4742 ‘Alb
589 4692 690 4742 ndialdc
707 4693 733 4743 S.
1137 4717 1139 4724 ¹
