3524 5424
334 405 377 475 60
756 409 960 466 mumonmol
977 410 1146 466 montom

336 588 494 670 principis
527 589 634 657 aurcis
664 589 767 686 literis
797 592 831 658 in
857 592 1044 660 summitate
1074 594 1224 660 maceriae
1246 594 1467 676 conscmptum
1489 595 1573 662 adeo

335 693 470 774 magnis,
494 699 530 758 ut
551 694 584 758 in
605 695 790 775 pavimento
814 696 886 776 quis
910 699 999 760 stans
1021 695 1173 764 facillime
1195 698 1305 777 legere
1325 704 1456 780 possat3
1485 699 1573 781 quod

334 794 449 860 ultimo
472 797 579 862 aetatis
601 816 669 862 sum
693 816 777 864 anuo
801 799 847 862 ita
866 799 1023 866 deletum¹
1044 801 1114 881 fuit,
1138 806 1174 867 ut
1192 801 1282 867 nullo
1300 803 1397 868 modo
1416 804 1482 886 legi
1499 821 1573 885 pos-

268 943 273 952 ·
334 903 396 966 set.
442 899 599 977 Quartum
622 902 683 968 luit
705 903 831 984 signum
855 903 1066 984 praefigurans
1092 912 1231 972 mortem
1250 907 1361 988 ipsius,
1384 909 1473 989 qnod
1497 925 1572 976 oum

336 1003 499 1084 equitaret
528 1023 644 1070 sereno
675 1008 727 1072 die
762 1007 871 1074 ferens
896 1009 1043 1076 lanceam
1071 1029 1178 1091 manu,
1208 1010 1316 1091 fulgur
1345 1013 1464 1076 cecidit
1495 1017 1573 1078 ante
1631 1021 1648 1068 ⁵

337 1109 439 1190 pedes
463 1111 547 1190 equi,
578 1128 642 1175 uua
675 1130 746 1177 eum
778 1131 856 1194 rege
890 1114 996 1195 ipsum
1030 1115 1194 1197 dejiciens,
1228 1114 1343 1180 lancea
1373 1134 1502 1198 quoque
1533 1117 1575 1182 de

335 1231 434 1278 manu
456 1216 525 1297 ejus
548 1218 644 1296 longe
665 1217 812 1300 projecta
834 1221 895 1297 est,
920 1217 1040 1299 cinguli
1062 1221 1158 1302 rupti,
1182 1220 1361 1300 imperator
1382 1221 1575 1288 tamensiue

337 1318 473 1384 laesione
495 1321 683 1400 permansit.
727 1321 798 1386 Hoc
821 1321 958 1403 contigit
979 1325 1011 1389 in
1034 1324 1368 1405 ultimaexpeditione
1391 1343 1459 1404 sus,
1478 1343 1575 1408 quam

336 1421 452 1487 babuit
484 1429 596 1489 contra
628 1423 854 1506 Hemmingum
888 1445 998 1507 regem
1022 1429 1143 1508 Dacia,
1179 1428 1235 1510 qui
1269 1431 1410 1510 superbe
1443 1429 1574 1496 locutus

336 1525 443 1592 luerat
476 1535 588 1592 eontra
618 1530 824 1613 majestatem
854 1531 922 1612 eJus
944 1531 1147 1613 imperialem
1169 1533 1332 1598 transiens
1353 1550 1414 1616 per
1434 1533 1575 1600 mediam
1614 1549 1649 1594 ιο

337 1630 519 1712 Saxoniam,
549 1651 643 1714 quam
674 1635 707 1697 in
735 1634 826 1698 annis
855 1635 990 1716 triginta
1016 1635 1138 1717 iugiter
1159 1635 1372 1704 rebellantem
1395 1639 1497 1703 multo
1522 1655 1575 1704 su·

337 1735 416 1802 dore
450 1741 484 1801 et
517 1735 709 1817 infatigabili
742 1739 897 1804 instantia
930 1741 980 1805 vix
1013 1741 1106 1805 suavi
1135 1741 1214 1822 iugo
1246 1739 1368 1806 Christi
1400 1745 1575 1810 inclinavit.

335 1841 401 1905 Ter
431 1858 572 1922 namque
605 1841 779 1926 episcopos
813 1861 851 1908 ac
882 1842 1093 1926 presbyteros
1125 1845 1167 1910 ad
1195 1863 1230 1910 se
1260 1845 1378 1912 missos
1403 1839 1577 1914 crudeliter

338 1951 551 2024 necaverunt3
574 1945 705 2010 tandem
729 1965 808 2028 ergo
831 1947 1104 2014 clementissimus
1125 1951 1302 2030 imperator
1323 1957 1484 2033 pertaesus
1507 1971 1575 2018 ma·

336 2049 416 2114 litiae
440 2065 550 2114 eorum
583 2051 674 2114 misit
701 2055 734 2115 et
763 2051 841 2118 iecit
869 2054 1011 2120 interimi
1042 2071 1166 2131 omnes,
1191 2060 1353 2136 quotquot
1374 2055 1482 2136 gladio
1506 2058 1575 2138 eJ'us
1616 2079 1650 2126 15

336 2153 470 2218 altiores
504 2159 615 2220 essent
647 2157 816 2239 utriusque
850 2176 947 2224 sexus
977 2157 1216 2240 progenitores.
1271 2157 1366 2224 Tum²
1394 2179 1471 2226 vero
1494 2161 1575 2226 solis

335 2259 444 2339 pueris
462 2259 707 2325 remanentibus
725 2260 803 2326 iecit
821 2265 868 2328 eis
886 2261 1027 2327 ordinari
1045 2264 1218 2345 episcopos
1239 2269 1272 2328 et
1287 2265 1508 2354 presbyteros,
1522 2266 1577 2346 qui

334 2363 408 2429 illos
439 2363 593 2430 docerent
614 2366 697 2430 viam
721 2365 837 2431 salutis
861 2373 1001 2444 aeternae,
1024 2372 1058 2432 et
1079 2369 1135 2445 sic,
1159 2387 1239 2449 quo
1262 2369 1392 2434 semel
1414 2367 1578 2436 imbuta

334 2467 486 2534 recens
509 2469 599 2549 luit,
623 2469 828 2536 servavit⁸
851 2471 1016 2536 odorem
1040 2477 1150 2537 testa
1174 2472 1251 2538 diu.
1295 2471 1506 2556 Hemmingus
1528 2480 1577 2539 ta-

337 2593 411 2640 men
450 2561 561 2640 audito
604 2575 746 2640 adventu
778 2575 984 2658 imperatoris
1015 2575 1156 2658 supplex
1190 2574 1316 2643 obviam
1349 2579 1510 2660 processit
1544 2583 1577 2644 et
1617 2583 1654 2628 2⁰

341 2680 467 2744 veniam
491 2681 680 2761 promeruit.
725 2678 818 2746 Licet
845 2681 956 2762 itaque
980 2679 1114 2746 Carolus
1143 2683 1325 2748 certissime
1358 2687 1578 2764 cognosceret

340 2785 411 2850 hac
428 2786 522 2866 signa
544 2784 650 2850 suam⁴
673 2785 909 2866 quodammodo
925 2784 1074 2867 proloqui
1093 2792 1241 2866 mortem,
1264 2790 1374 2852 tamen
1397 2787 1579 2852 constantia

341 2889 484 2956 viriliet
505 2890 725 2970 magnitudine
749 2889 846 2954 animi
875 2895 990 2956 cuncta
1020 2889 1296 2970 dissimulaverat3
1331 2891 1458 2958 invictae
1493 2891 1578 2956 euim

340 2995 469 3059 virtutis
498 2996 530 3060 in
554 2989 625 3076 ipso
648 2995 773 3075 insigne
801 2995 941 3071 emicuit,
966 3014 1030 3076 qua
1052 2995 1148 3060 animi
1169 2997 1361 3076 praestantia
1382 3013 1447 3061 nou
1474 2997 1579 3061 minus

342 3095 618 3182 prospera'quam
642 3099 778 3164 adversa
800 3101 946 3166 calcavit.
990 3099 1033 3164 Et
1053 3119 1093 3164 ne
1111 3099 1244 3182 aliquod
1258 3101 1388 3166 virtutis
1406 3097 1578 3182 vestigium
1619 3115 1656 3160 ss

343 3203 573 3270 sublimitatem
598 3203 667 3288 ejus
688 3206 880 3286 praeteriret
911 3205 944 3268 in
977 3205 1129 3286 parandis
1152 3203 1304 3282 amicitiis
1332 3210 1366 3270 et
1396 3205 1578 3270 retinendis

342 3327 437 3391 paeue
461 3315 595 3378 cunctos
618 3310 771 3380 mortales
794 3310 955 3388 anteibat;
978 3329 1053 3376 uam
1076 3314 1110 3379 et
1132 3310 1253 3376 amicos
1271 3309 1366 3376 facile
1383 3309 1580 3379 admittebat

344 3419 379 3478 ct
400 3414 648 3494 diligentissime
671 3415 808 3480 colebat.
853 3411 1040 3482 Redeamus
1064 3414 1106 3480 ad
1127 3420 1250 3482 nostra.

530 3667 542 3686 .
592 3620 669 3702 Gap.
692 3619 806 3686 XXXI.
849 3620 900 3686 Do
925 3619 1026 3700 gestis
1048 3617 1194 3700 ejusdem
1213 3618 1335 3702 Magni.

425 3773 554 3837 Mortuo
574 3772 685 3852 itaque
696 3771 810 3836 llaoon
828 3768 893 3834 filio
914 3769 1022 3853 Magni
1044 3767 1154 3832 fratris
1174 3767 1267 3832 Olavi
1285 3766 1578 3849 scemari-shores
1622 3802 1662 3847 30

342 3876 397 3958 qui
422 3895 494 3941 eum
517 3876 685 3956 nutrierat,
709 3873 823 3939 dolens
845 3875 963 3954 Magno
984 3877 1088 3938 totum
1105 3891 1240 3954 regnum
1256 3873 1433 3954 Norwagiae
1453 3873 1580 3954 subjici,

412 3989 490 4084 {SR
508 4033 634 4084 delectum
652 4032 685 4080 A.
724 4029 786 4080 ’Κ
805 4038 832 4080 tu
851 4031 903 4082 AS.
943 4025 1030 4081 3ΑΚ.
1051 4029 1163 4080 servabit
1180 4028 1206 4080 S.
1242 4023 1330 4094 *AR
1349 4044 1395 4080 sua
1414 4029 1443 4078 S.
1477 4023 1580 4078 6ΑὸΒ.

342 4119 441 4182 Steiger
457 4121 494 4169 Κ.

429 4259 478 4315 la.
523 4274 583 4332 quo
607 4248 714 4330 semel]
739 4255 805 4314 sml.
829 4256 948 4316 Horatii
970 4254 1052 4330 Epp.
1074 4255 1098 4324 I,
1122 4257 1150 4325 2,
1175 4255 1314 4313 tie—70:

555 4347 618 4431 Qvo
642 4359 735 4418 semel
758 4365 806 4420 est
828 4362 945 4420 imbuta
966 4379 1084 4431 recens,
1109 4358 1243 4416 servabit
1264 4357 1390 4418 odorem
1453 4413 1456 4418 ,
1486 4401 1489 4412 ,

553 4468 634 4524 tosta
658 4465 718 4524 diu.

429 4573 476 4628 30.
521 4561 655 4644 mortuo]
680 4569 734 4626 cir.
757 4550 855 4644 Agrip
881 4571 936 4628 76:
967 4567 1035 4630 Eun
1059 4568 1137 4626 eitsr
1158 4567 1414 4627 lraiallHoooaar
1436 4567 1474 4640 pa
1493 4568 1582 4625 matti

342 4668 433 4750 Irdrir
461 4675 521 4748 sigi
550 4676 641 4749 siqua
677 4675 763 4751 scapi
799 4675 866 4732 sino
899 4673 936 4732 til
968 4671 1100 4748 Moguus
1135 4689 1168 4728 or
1202 4670 1243 4743 bu
1272 4677 1323 4733 too
1355 4672 1408 4746 uili
1440 4671 1509 4731 rili.
1543 4689 1583 4730 oo
