<?xml version="1.0" encoding="UTF-8"?>
<!DOCTYPE html PUBLIC "-//W3C//DTD XHTML 1.0 Transitional//EN"
    "http://www.w3.org/TR/xhtml1/DTD/xhtml1-transitional.dtd">
<html xmlns="http://www.w3.org/1999/xhtml" xml:lang="en" lang="en">
 <head>
  <title>
</title>
<meta http-equiv="Content-Type" content="text/html;charset=utf-8" />
  <meta name='ocr-system' content='tesseract 3.04.00' />
  <meta name='ocr-capabilities' content='ocr_page ocr_carea ocr_par ocr_line ocrx_word'/>
</head>
<body>
  <div class='ocr_page' id='page_1' title='image "./monumentahistor00storgoog/monumentahistor00storgoog_0324.png"; bbox 0 0 3448 5428; ppageno 0'>
   <div class='ocr_carea' id='block_1_1' title="bbox 381 421 443 486">
    <p class='ocr_par' dir='ltr' id='par_1_1' title="bbox 381 421 443 486">
     <span class='ocr_line' id='line_1_1' title="bbox 381 421 443 486; baseline 0 0"><span class='ocrx_word' id='word_1_1' title='bbox 381 421 443 486; x_wconf 67' lang='lat'><strong>248</strong></span> 
     </span>
    </p>
   </div>
   <div class='ocr_carea' id='block_1_2' title="bbox 375 607 1673 3378">
    <p class='ocr_par' dir='ltr' id='par_1_2' title="bbox 382 607 1432 687">
     <span class='ocr_line' id='line_1_2' title="bbox 382 607 1432 687; baseline -0.003 -17"><span class='ocrx_word' id='word_1_2' title='bbox 382 639 389 670; x_wconf 79' lang='grc' dir='ltr'>ι</span> <span class='ocrx_word' id='word_1_3' title='bbox 457 609 619 684; x_wconf 59' lang='lat' dir='ltr'><strong>mrtem.</strong></span> <span class='ocrx_word' id='word_1_4' title='bbox 662 609 727 670; x_wconf 75' lang='lat' dir='ltr'><strong>Rex</strong></span> <span class='ocrx_word' id='word_1_5' title='bbox 751 637 788 650; x_wconf 91' lang='lat'><em>-</em></span> <span class='ocrx_word' id='word_1_6' title='bbox 812 611 1060 687; x_wconf 83' lang='lat' dir='ltr'><strong>promptissimus</strong></span> <span class='ocrx_word' id='word_1_7' title='bbox 1083 631 1124 656; x_wconf 59' lang='grc' dir='ltr'><strong>ι·</strong></span> <span class='ocrx_word' id='word_1_8' title='bbox 1146 629 1176 685; x_wconf 88' lang='lat' dir='ltr'><strong>p.</strong></span> <span class='ocrx_word' id='word_1_9' title='bbox 1200 607 1432 668; x_wconf 68' lang='lat' dir='ltr'><strong>teau-233².</strong></span> 
     </span>
    </p>

    <p class='ocr_par' dir='ltr' id='par_1_3' title="bbox 460 709 1258 790">
     <span class='ocr_line' id='line_1_3' title="bbox 460 709 1258 790; baseline -0.001 -20"><span class='ocrx_word' id='word_1_10' title='bbox 460 713 619 788; x_wconf 71' lang='lat' dir='ltr'><strong><em>antiphona.</em></strong></span> <span class='ocrx_word' id='word_1_11' title='bbox 663 712 720 770; x_wconf 88' lang='lat' dir='ltr'><strong>Hic</strong></span> <span class='ocrx_word' id='word_1_12' title='bbox 744 741 782 754; x_wconf 94' lang='lat'><em>-</em></span> <span class='ocrx_word' id='word_1_13' title='bbox 807 714 984 774; x_wconf 82' lang='lat' dir='ltr'><strong>conuolsuit</strong></span> <span class='ocrx_word' id='word_1_14' title='bbox 1004 735 1043 760; x_wconf 82' lang='lat'><em>=</em></span> <span class='ocrx_word' id='word_1_15' title='bbox 1064 733 1094 790; x_wconf 87' lang='lat' dir='ltr'><strong>p.</strong></span> <span class='ocrx_word' id='word_1_16' title='bbox 1118 709 1258 772; x_wconf 70' lang='lat'><strong>233⁴·5.</strong></span> 
     </span>
    </p>

    <p class='ocr_par' dir='ltr' id='par_1_4' title="bbox 375 808 1668 1501">
     <span class='ocr_line' id='line_1_4' title="bbox 460 808 1614 898; baseline 0.001 -25"><span class='ocrx_word' id='word_1_17' title='bbox 460 808 568 873; x_wconf 79' lang='lat' dir='ltr'><strong>Lectio</strong></span> <span class='ocrx_word' id='word_1_18' title='bbox 583 808 609 890; x_wconf 79' lang='lat' dir='ltr'><strong>j.</strong></span> <span class='ocrx_word' id='word_1_19' title='bbox 653 809 746 874; x_wconf 80' lang='lat' dir='ltr'><strong>Eltnt</strong></span> <span class='ocrx_word' id='word_1_20' title='bbox 768 810 906 890; x_wconf 84' lang='lat' dir='ltr'><strong>quedam</strong></span> <span class='ocrx_word' id='word_1_21' title='bbox 927 830 1004 894; x_wconf 83' lang='lat' dir='ltr'><strong>pers</strong></span> <span class='ocrx_word' id='word_1_22' title='bbox 1029 811 1132 898; x_wconf 88' lang='lat' dir='ltr'><strong>[terre</strong></span> <span class='ocrx_word' id='word_1_23' title='bbox 1153 811 1332 892; x_wconf 88' lang='lat' dir='ltr'><strong>norwegie1</strong></span> <span class='ocrx_word' id='word_1_24' title='bbox 1365 811 1399 874; x_wconf 92' lang='lat' dir='ltr'><strong>in</strong></span> <span class='ocrx_word' id='word_1_25' title='bbox 1427 829 1494 891; x_wconf 86' lang='lat' dir='ltr'><strong>qua</strong></span> <span class='ocrx_word' id='word_1_26' title='bbox 1523 809 1614 874; x_wconf 89' lang='lat' dir='ltr'><strong>modo</strong></span> 
     </span>
     <span class='ocr_line' id='line_1_5' title="bbox 376 911 1617 998; baseline 0 -20"><span class='ocrx_word' id='word_1_27' title='bbox 376 911 632 978; x_wconf 79' lang='lat' dir='ltr'><strong>sanctissimum²</strong></span> <span class='ocrx_word' id='word_1_28' title='bbox 654 931 770 994; x_wconf 89' lang='lat' dir='ltr'><strong>corpus</strong></span> <span class='ocrx_word' id='word_1_29' title='bbox 793 917 898 980; x_wconf 83' lang='lat' dir='ltr'><strong>sancti</strong></span> <span class='ocrx_word' id='word_1_30' title='bbox 917 916 1004 980; x_wconf 88' lang='lat' dir='ltr'><strong>olaui</strong></span> <span class='ocrx_word' id='word_1_31' title='bbox 1023 914 1208 998; x_wconf 87' lang='lat' dir='ltr'><strong>requiescit.</strong></span> <span class='ocrx_word' id='word_1_32' title='bbox 1229 913 1320 980; x_wconf 89' lang='lat' dir='ltr'><strong>cuius</strong></span> <span class='ocrx_word' id='word_1_33' title='bbox 1339 915 1445 979; x_wconf 83' lang='lat' dir='ltr'>incole</span> <span class='ocrx_word' id='word_1_34' title='bbox 1463 912 1617 980; x_wconf 75' lang='lat' dir='ltr'><strong>indurati³</strong></span> 
     </span>
     <span class='ocr_line' id='line_1_6' title="bbox 375 1016 1668 1100; baseline 0 -20"><span class='ocrx_word' id='word_1_35' title='bbox 375 1016 408 1080; x_wconf 93' lang='lat' dir='ltr'><strong>in</strong></span> <span class='ocrx_word' id='word_1_36' title='bbox 430 1017 559 1085; x_wconf 75' lang='lat' dir='ltr'><strong>malicia</strong></span> <span class='ocrx_word' id='word_1_37' title='bbox 589 1016 717 1100; x_wconf 86' lang='lat' dir='ltr'><strong>[hostes</strong></span> <span class='ocrx_word' id='word_1_38' title='bbox 746 1020 892 1084; x_wconf 76' lang='lat' dir='ltr'><strong>veritatis</strong></span> <span class='ocrx_word' id='word_1_39' title='bbox 922 1025 956 1084; x_wconf 89' lang='lat' dir='ltr'><strong>ct</strong></span> <span class='ocrx_word' id='word_1_40' title='bbox 984 1018 1073 1085; x_wconf 89' lang='lat' dir='ltr'><strong>idco⁴</strong></span> <span class='ocrx_word' id='word_1_41' title='bbox 1098 1019 1185 1098; x_wconf 89' lang='lat' dir='ltr'><strong>regis</strong></span> <span class='ocrx_word' id='word_1_42' title='bbox 1211 1018 1328 1083; x_wconf 90' lang='lat' dir='ltr'><strong>hostes</strong></span> <span class='ocrx_word' id='word_1_43' title='bbox 1355 1023 1450 1086; x_wconf 85' lang='lat' dir='ltr'><strong>erant</strong></span> <span class='ocrx_word' id='word_1_44' title='bbox 1471 1019 1613 1082; x_wconf 84' lang='lat' dir='ltr'><strong>inexora-</strong></span> <span class='ocrx_word' id='word_1_45' title='bbox 1658 1023 1668 1067; x_wconf 81' lang='lat'>⁵</span> 
     </span>
     <span class='ocr_line' id='line_1_7' title="bbox 378 1119 1617 1206; baseline -0.001 -20"><span class='ocrx_word' id='word_1_46' title='bbox 378 1119 487 1187; x_wconf 85' lang='lat' dir='ltr'><strong>biles⁵.</strong></span> <span class='ocrx_word' id='word_1_47' title='bbox 531 1121 568 1189; x_wconf 91' lang='lat' dir='ltr'><strong>In</strong></span> <span class='ocrx_word' id='word_1_48' title='bbox 598 1121 680 1186; x_wconf 86' lang='lat' dir='ltr'><strong>hanc</strong></span> <span class='ocrx_word' id='word_1_49' title='bbox 710 1121 799 1186; x_wconf 90' lang='lat' dir='ltr'><strong>venit</strong></span> <span class='ocrx_word' id='word_1_50' title='bbox 828 1124 1029 1204; x_wconf 82' lang='lat' dir='ltr'><strong>prouinciam</strong></span> <span class='ocrx_word' id='word_1_51' title='bbox 1052 1123 1164 1188; x_wconf 89' lang='lat' dir='ltr'><strong>christi</strong></span> <span class='ocrx_word' id='word_1_52' title='bbox 1187 1127 1309 1206; x_wconf 79' lang='lat' dir='ltr'><strong>martyr</strong></span> <span class='ocrx_word' id='word_1_53' title='bbox 1331 1122 1415 1187; x_wconf 86' lang='lat' dir='ltr'><strong>forte</strong></span> <span class='ocrx_word' id='word_1_54' title='bbox 1440 1122 1495 1187; x_wconf 88' lang='lat' dir='ltr'><strong>dei</strong></span> <span class='ocrx_word' id='word_1_55' title='bbox 1517 1122 1617 1202; x_wconf 85' lang='lat' dir='ltr'><strong>grstia</strong></span> 
     </span>
     <span class='ocr_line' id='line_1_8' title="bbox 381 1224 1617 1310; baseline -0.004 -16"><span class='ocrx_word' id='word_1_56' title='bbox 381 1225 510 1310; x_wconf 84' lang='lat' dir='ltr'><strong>populis</strong></span> <span class='ocrx_word' id='word_1_57' title='bbox 537 1224 714 1290; x_wconf 82' lang='lat' dir='ltr'><strong>incredulis</strong></span> <span class='ocrx_word' id='word_1_58' title='bbox 741 1226 977 1307; x_wconf 82' lang='lat' dir='ltr'>predicaturus.</span> <span class='ocrx_word' id='word_1_59' title='bbox 1028 1226 1098 1306; x_wconf 83' lang='lat' dir='ltr'><strong>Quo</strong></span> <span class='ocrx_word' id='word_1_60' title='bbox 1129 1231 1297 1308; x_wconf 89' lang='lat' dir='ltr'><strong>comperto</strong></span> <span class='ocrx_word' id='word_1_61' title='bbox 1326 1226 1477 1304; x_wconf 82' lang='lat' dir='ltr'><strong>veritatis</strong></span> <span class='ocrx_word' id='word_1_62' title='bbox 1506 1224 1617 1289; x_wconf 90' lang='lat' dir='ltr'><strong>hostes</strong></span> 
     </span>
     <span class='ocr_line' id='line_1_9' title="bbox 379 1327 1616 1414; baseline -0.004 -19"><span class='ocrx_word' id='word_1_63' title='bbox 379 1334 644 1395; x_wconf 87' lang='lat' dir='ltr'><strong>conuocoucrunt</strong></span> <span class='ocrx_word' id='word_1_64' title='bbox 677 1329 846 1396; x_wconf 88' lang='lat' dir='ltr'><strong>concilium</strong></span> <span class='ocrx_word' id='word_1_65' title='bbox 882 1327 1087 1414; x_wconf 84' lang='lat' dir='ltr'><strong>[iniquitatis.</strong></span> <span class='ocrx_word' id='word_1_66' title='bbox 1123 1336 1157 1394; x_wconf 87' lang='lat' dir='ltr'><strong>et</strong></span> <span class='ocrx_word' id='word_1_67' title='bbox 1188 1329 1426 1396; x_wconf 76' lang='lat' dir='ltr'><strong>conuenerunt⁴</strong></span> <span class='ocrx_word' id='word_1_68' title='bbox 1460 1330 1494 1392; x_wconf 93' lang='lat' dir='ltr'><strong>in</strong></span> <span class='ocrx_word' id='word_1_69' title='bbox 1526 1347 1616 1392; x_wconf 89' lang='lat' dir='ltr'><strong>vnum</strong></span> 
     </span>
     <span class='ocr_line' id='line_1_10' title="bbox 379 1432 1243 1501; baseline 0.003 -3"><span class='ocrx_word' id='word_1_70' title='bbox 379 1434 536 1498; x_wconf 87' lang='lat' dir='ltr'><strong>aduersus</strong></span> <span class='ocrx_word' id='word_1_71' title='bbox 560 1432 726 1498; x_wconf 91' lang='lat' dir='ltr'><strong>dominum</strong></span> <span class='ocrx_word' id='word_1_72' title='bbox 748 1438 782 1498; x_wconf 91' lang='lat' dir='ltr'><strong>et</strong></span> <span class='ocrx_word' id='word_1_73' title='bbox 804 1434 960 1500; x_wconf 85' lang='lat' dir='ltr'><strong>aduersus</strong></span> <span class='ocrx_word' id='word_1_74' title='bbox 983 1435 1138 1501; x_wconf 90' lang='lat' dir='ltr'><strong>christum</strong></span> <span class='ocrx_word' id='word_1_75' title='bbox 1162 1437 1243 1501; x_wconf 86' lang='lat' dir='ltr'><strong>cius.</strong></span> 
     </span>
    </p>

    <p class='ocr_par' dir='ltr' id='par_1_5' title="bbox 462 1545 812 1622">
     <span class='ocr_line' id='line_1_11' title="bbox 462 1545 812 1622; baseline -0.003 -20"><span class='ocrx_word' id='word_1_76' title='bbox 462 1545 547 1622; x_wconf 68' lang='lat' dir='ltr'><strong>step.</strong></span> <span class='ocrx_word' id='word_1_77' title='bbox 579 1546 614 1603; x_wconf 95' lang='lat' dir='ltr'><strong>In</strong></span> <span class='ocrx_word' id='word_1_78' title='bbox 636 1546 733 1620; x_wconf 79' lang='lat' dir='ltr'><strong>regali</strong></span> <span class='ocrx_word' id='word_1_79' title='bbox 755 1549 812 1604; x_wconf 82' lang='lat' dir='ltr'><strong>etc.</strong></span> 
     </span>
    </p>

    <p class='ocr_par' dir='ltr' id='par_1_6' title="bbox 462 1649 807 1710">
     <span class='ocr_line' id='line_1_12' title="bbox 462 1649 807 1710; baseline 0 -3"><span class='ocrx_word' id='word_1_80' title='bbox 462 1668 530 1707; x_wconf 67' lang='lat' dir='ltr'><strong>owe.</strong></span> <span class='ocrx_word' id='word_1_81' title='bbox 574 1649 727 1708; x_wconf 84' lang='lat' dir='ltr'><strong>Sordcbot</strong></span> <span class='ocrx_word' id='word_1_82' title='bbox 749 1656 807 1710; x_wconf 86' lang='lat' dir='ltr'><strong>otc.</strong></span> 
     </span>
    </p>

    <p class='ocr_par' dir='ltr' id='par_1_7' title="bbox 378 1745 1671 2458">
     <span class='ocr_line' id='line_1_13' title="bbox 462 1745 1618 1840; baseline 0 -31"><span class='ocrx_word' id='word_1_83' title='bbox 462 1745 572 1810; x_wconf 81' lang='lat' dir='ltr'><strong>Lectio</strong></span> <span class='ocrx_word' id='word_1_84' title='bbox 594 1745 628 1828; x_wconf 79' lang='lat' dir='ltr'><strong>ij,</strong></span> <span class='ocrx_word' id='word_1_85' title='bbox 671 1747 752 1812; x_wconf 86' lang='lat' dir='ltr'><strong>Erat</strong></span> <span class='ocrx_word' id='word_1_86' title='bbox 772 1766 911 1830; x_wconf 88' lang='lat' dir='ltr'><strong>namque</strong></span> <span class='ocrx_word' id='word_1_87' title='bbox 940 1748 1104 1828; x_wconf 87' lang='lat' dir='ltr'><strong>[doctrina</strong></span> <span class='ocrx_word' id='word_1_88' title='bbox 1131 1749 1205 1840; x_wconf 27' lang='lat' dir='ltr'><strong>eius·</strong></span> <span class='ocrx_word' id='word_1_89' title='bbox 1226 1747 1379 1830; x_wconf 85' lang='lat' dir='ltr'>operibus</span> <span class='ocrx_word' id='word_1_90' title='bbox 1403 1765 1519 1815; x_wconf 91' lang='lat' dir='ltr'><strong>eorum</strong></span> <span class='ocrx_word' id='word_1_91' title='bbox 1541 1765 1618 1822; x_wconf 89' lang='lat' dir='ltr'><strong>sem-</strong></span> 
     </span>
     <span class='ocr_line' id='line_1_14' title="bbox 378 1835 1619 1938; baseline -0.002 -21"><span class='ocrx_word' id='word_1_92' title='bbox 378 1850 452 1938; x_wconf 82' lang='lat' dir='ltr'><strong>per⁶</strong></span> <span class='ocrx_word' id='word_1_93' title='bbox 474 1851 646 1916; x_wconf 88' lang='lat' dir='ltr'><strong>contraria.</strong></span> <span class='ocrx_word' id='word_1_94' title='bbox 690 1849 785 1916; x_wconf 89' lang='lat' dir='ltr'>Unde</span> <span class='ocrx_word' id='word_1_95' title='bbox 805 1851 935 1933; x_wconf 85' lang='lat' dir='ltr'><strong>quidam</strong></span> <span class='ocrx_word' id='word_1_96' title='bbox 950 1835 1087 1934; x_wconf 83' lang='lat' dir='ltr'><strong>[experti</strong></span> <span class='ocrx_word' id='word_1_97' title='bbox 1101 1851 1263 1919; x_wconf 81' lang='lat' dir='ltr'><strong>eiusdem⁷</strong></span> <span class='ocrx_word' id='word_1_98' title='bbox 1280 1851 1398 1918; x_wconf 89' lang='lat' dir='ltr'><strong>Kanuti</strong></span> <span class='ocrx_word' id='word_1_99' title='bbox 1422 1853 1495 1916; x_wconf 91' lang='lat' dir='ltr'><strong>eius</strong></span> <span class='ocrx_word' id='word_1_100' title='bbox 1510 1851 1619 1915; x_wconf 89' lang='lat' dir='ltr'><strong>aduer-</strong></span> 
     </span>
     <span class='ocr_line' id='line_1_15' title="bbox 379 1941 1619 2038; baseline -0.003 -17"><span class='ocrx_word' id='word_1_101' title='bbox 379 1941 454 2038; x_wconf 82' lang='lat' dir='ltr'><strong>sarij</strong></span> <span class='ocrx_word' id='word_1_102' title='bbox 490 1956 677 2020; x_wconf 89' lang='lat' dir='ltr'><strong>muneribus</strong></span> <span class='ocrx_word' id='word_1_103' title='bbox 710 1956 862 2037; x_wconf 85' lang='lat' dir='ltr'><strong>corrupti.</strong></span> <span class='ocrx_word' id='word_1_104' title='bbox 898 1957 1027 2038; x_wconf 88' lang='lat' dir='ltr'><strong>quidam</strong></span> <span class='ocrx_word' id='word_1_105' title='bbox 1056 1975 1133 2020; x_wconf 86' lang='lat' dir='ltr'><strong>vero</strong></span> <span class='ocrx_word' id='word_1_106' title='bbox 1167 1957 1269 2021; x_wconf 89' lang='lat' dir='ltr'><strong>solius</strong></span> <span class='ocrx_word' id='word_1_107' title='bbox 1301 1955 1433 2020; x_wconf 85' lang='lat' dir='ltr'><strong>malicie</strong></span> <span class='ocrx_word' id='word_1_108' title='bbox 1467 1955 1619 2019; x_wconf 88' lang='lat' dir='ltr'><strong>instinctu</strong></span> 
     </span>
     <span class='ocr_line' id='line_1_16' title="bbox 381 2057 1671 2142; baseline -0.003 -17"><span class='ocrx_word' id='word_1_109' title='bbox 381 2064 512 2141; x_wconf 88' lang='lat' dir='ltr'><strong>[nouom</strong></span> <span class='ocrx_word' id='word_1_110' title='bbox 534 2059 747 2140; x_wconf 75' lang='lat' dir='ltr'><strong>religionem:</strong></span> <span class='ocrx_word' id='word_1_111' title='bbox 767 2063 912 2142; x_wconf 84' lang='lat' dir='ltr'><strong>paternis</strong></span> <span class='ocrx_word' id='word_1_112' title='bbox 927 2060 1053 2126; x_wconf 90' lang='lat' dir='ltr'><strong>scilicet</strong></span> <span class='ocrx_word' id='word_1_113' title='bbox 1064 2061 1189 2142; x_wconf 89' lang='lat' dir='ltr'><strong>legibus</strong></span> <span class='ocrx_word' id='word_1_114' title='bbox 1207 2059 1402 2124; x_wconf 88' lang='lat' dir='ltr'><strong>contrariam</strong></span> <span class='ocrx_word' id='word_1_115' title='bbox 1416 2063 1617 2124; x_wconf 77' lang='lat' dir='ltr'><strong>recusantes:</strong></span> <span class='ocrx_word' id='word_1_116' title='bbox 1649 2057 1671 2102; x_wconf 79' lang='lat'><strong>1⁵</strong></span> 
     </span>
     <span class='ocr_line' id='line_1_17' title="bbox 379 2160 1618 2250; baseline -0.003 -20"><span class='ocrx_word' id='word_1_117' title='bbox 379 2165 613 2230; x_wconf 83' lang='lat' dir='ltr'><strong>ordineuerunt</strong></span> <span class='ocrx_word' id='word_1_118' title='bbox 643 2165 834 2230; x_wconf 83' lang='lat' dir='ltr'><strong>exercitum⁴</strong></span> <span class='ocrx_word' id='word_1_119' title='bbox 866 2165 899 2229; x_wconf 94' lang='lat' dir='ltr'><strong>in</strong></span> <span class='ocrx_word' id='word_1_120' title='bbox 925 2165 998 2231; x_wconf 91' lang='lat' dir='ltr'><strong>loco</strong></span> <span class='ocrx_word' id='word_1_121' title='bbox 1030 2170 1086 2246; x_wconf 83' lang='lat' dir='ltr'><strong>qui</strong></span> <span class='ocrx_word' id='word_1_122' title='bbox 1114 2183 1199 2250; x_wconf 87' lang='lat' dir='ltr'><strong>nunc</strong></span> <span class='ocrx_word' id='word_1_123' title='bbox 1227 2160 1440 2230; x_wconf 83' lang='lat' dir='ltr'><strong>stikelstadh⁸</strong></span> <span class='ocrx_word' id='word_1_124' title='bbox 1475 2162 1618 2228; x_wconf 79' lang='lat' dir='ltr'><strong>dicitur⁹2</strong></span> 
     </span>
     <span class='ocr_line' id='line_1_18' title="bbox 381 2267 1618 2352; baseline -0.003 -18"><span class='ocrx_word' id='word_1_125' title='bbox 381 2271 510 2350; x_wconf 87' lang='lat' dir='ltr'><strong>[contre</strong></span> <span class='ocrx_word' id='word_1_126' title='bbox 529 2287 642 2352; x_wconf 86' lang='lat' dir='ltr'><strong>regem</strong></span> <span class='ocrx_word' id='word_1_127' title='bbox 664 2270 885 2350; x_wconf 84' lang='lat' dir='ltr'><strong>ignorantem:</strong></span> <span class='ocrx_word' id='word_1_128' title='bbox 908 2275 942 2335; x_wconf 91' lang='lat' dir='ltr'><strong>et</strong></span> <span class='ocrx_word' id='word_1_129' title='bbox 964 2290 983 2335; x_wconf 88' lang='lat' dir='ltr'><strong>a</strong></span> <span class='ocrx_word' id='word_1_130' title='bbox 1006 2288 1066 2334; x_wconf 83' lang='lat' dir='ltr'><strong>sua</strong></span> <span class='ocrx_word' id='word_1_131' title='bbox 1084 2273 1181 2349; x_wconf 89' lang='lat' dir='ltr'><strong>gente</strong></span> <span class='ocrx_word' id='word_1_132' title='bbox 1198 2267 1435 2350; x_wconf 81' lang='lat' dir='ltr'><strong>aliquantulum</strong></span> <span class='ocrx_word' id='word_1_133' title='bbox 1448 2269 1618 2334; x_wconf 85' lang='lat' dir='ltr'><strong>distantem</strong></span> 
     </span>
     <span class='ocr_line' id='line_1_19' title="bbox 378 2367 694 2458; baseline 0 -20"><span class='ocrx_word' id='word_1_134' title='bbox 378 2367 694 2458; x_wconf 50' lang='lat' dir='ltr'><strong>bello¹⁰sexcipiunt</strong></span> 
     </span>
    </p>

    <p class='ocr_par' dir='ltr' id='par_1_8' title="bbox 463 2484 857 2562">
     <span class='ocr_line' id='line_1_20' title="bbox 463 2484 857 2562; baseline -0.005 -18"><span class='ocrx_word' id='word_1_135' title='bbox 463 2485 547 2562; x_wconf 74' lang='lat' dir='ltr'><strong>Recp.</strong></span> <span class='ocrx_word' id='word_1_136' title='bbox 594 2484 775 2562; x_wconf 84' lang='lat' dir='ltr'><strong>Oqusntus</strong></span> <span class='ocrx_word' id='word_1_137' title='bbox 800 2490 857 2544; x_wconf 85' lang='lat' dir='ltr'><strong>oto.</strong></span> 
     </span>
    </p>

    <p class='ocr_par' dir='ltr' id='par_1_9' title="bbox 464 2588 929 2650">
     <span class='ocr_line' id='line_1_21' title="bbox 464 2588 929 2650; baseline -0.009 0"><span class='ocrx_word' id='word_1_138' title='bbox 464 2611 532 2650; x_wconf 67' lang='lat' dir='ltr'><strong>oea.</strong></span> <span class='ocrx_word' id='word_1_139' title='bbox 576 2588 692 2650; x_wconf 83' lang='lat' dir='ltr'><strong>Multos</strong></span> <span class='ocrx_word' id='word_1_140' title='bbox 716 2591 850 2650; x_wconf 84' lang='lat' dir='ltr'><strong>habebat</strong></span> <span class='ocrx_word' id='word_1_141' title='bbox 871 2593 929 2648; x_wconf 90' lang='lat' dir='ltr'><strong>etc.</strong></span> 
     </span>
    </p>

    <p class='ocr_par' dir='ltr' id='par_1_10' title="bbox 380 2685 1673 3186">
     <span class='ocr_line' id='line_1_22' title="bbox 464 2685 1620 2768; baseline -0.005 -16"><span class='ocrx_word' id='word_1_142' title='bbox 464 2687 573 2752; x_wconf 78' lang='lat' dir='ltr'><strong>Lectio</strong></span> <span class='ocrx_word' id='word_1_143' title='bbox 600 2687 648 2767; x_wconf 72' lang='lat' dir='ltr'><strong>iti.</strong></span> <span class='ocrx_word' id='word_1_144' title='bbox 701 2685 766 2751; x_wconf 87' lang='lat' dir='ltr'><strong>Sed</strong></span> <span class='ocrx_word' id='word_1_145' title='bbox 804 2685 1039 2752; x_wconf 83' lang='lat' dir='ltr'><strong>illustrissimus</strong></span> <span class='ocrx_word' id='word_1_146' title='bbox 1074 2692 1196 2768; x_wconf 84' lang='lat' dir='ltr'><strong>martyr</strong></span> <span class='ocrx_word' id='word_1_147' title='bbox 1234 2686 1287 2768; x_wconf 83' lang='lat' dir='ltr'><strong>qui</strong></span> <span class='ocrx_word' id='word_1_148' title='bbox 1322 2688 1413 2750; x_wconf 88' lang='lat' dir='ltr'><strong>totus</strong></span> <span class='ocrx_word' id='word_1_149' title='bbox 1447 2702 1620 2768; x_wconf 90' lang='lat' dir='ltr'><strong>suspensus</strong></span> 
     </span>
     <span class='ocr_line' id='line_1_23' title="bbox 381 2783 1620 2874; baseline -0.006 -16"><span class='ocrx_word' id='word_1_150' title='bbox 381 2793 452 2872; x_wconf 86' lang='lat' dir='ltr'><strong>ad¹¹</strong></span> <span class='ocrx_word' id='word_1_151' title='bbox 474 2790 610 2860; x_wconf 87' lang='lat' dir='ltr'><strong>celestia</strong></span> <span class='ocrx_word' id='word_1_152' title='bbox 631 2808 691 2873; x_wconf 91' lang='lat' dir='ltr'><strong>pcr</strong></span> <span class='ocrx_word' id='word_1_153' title='bbox 713 2790 856 2874; x_wconf 88' lang='lat' dir='ltr'><strong>martyrij</strong></span> <span class='ocrx_word' id='word_1_154' title='bbox 882 2807 1033 2856; x_wconf 86' lang='lat' dir='ltr'><strong>coronam</strong></span> <span class='ocrx_word' id='word_1_155' title='bbox 1054 2790 1129 2855; x_wconf 92' lang='lat' dir='ltr'><strong>illuc</strong></span> <span class='ocrx_word' id='word_1_156' title='bbox 1152 2783 1324 2871; x_wconf 85' lang='lat' dir='ltr'><strong>peruenire</strong></span> <span class='ocrx_word' id='word_1_157' title='bbox 1343 2789 1468 2854; x_wconf 90' lang='lat' dir='ltr'><strong>intimis</strong></span> <span class='ocrx_word' id='word_1_158' title='bbox 1498 2789 1620 2854; x_wconf 91' lang='lat' dir='ltr'><strong>deside·</strong></span> 
     </span>
     <span class='ocr_line' id='line_1_24' title="bbox 380 2891 1620 2978; baseline -0.005 -16"><span class='ocrx_word' id='word_1_159' title='bbox 380 2895 476 2963; x_wconf 83' lang='lat' dir='ltr'><strong>rabat</strong></span> <span class='ocrx_word' id='word_1_160' title='bbox 508 2895 688 2978; x_wconf 85' lang='lat' dir='ltr'><strong>precordijs</strong></span> <span class='ocrx_word' id='word_1_161' title='bbox 718 2913 737 2958; x_wconf 85' lang='lat' dir='ltr'><strong>a</strong></span> <span class='ocrx_word' id='word_1_162' title='bbox 766 2891 850 2958; x_wconf 85' lang='lat' dir='ltr'><strong>lacie</strong></span> <span class='ocrx_word' id='word_1_163' title='bbox 884 2893 1100 2958; x_wconf 89' lang='lat' dir='ltr'><strong>multitudinis</strong></span> <span class='ocrx_word' id='word_1_164' title='bbox 1128 2912 1192 2958; x_wconf 93' lang='lat' dir='ltr'><strong>non</strong></span> <span class='ocrx_word' id='word_1_165' title='bbox 1221 2895 1339 2958; x_wconf 88' lang='lat' dir='ltr'><strong>timuit.</strong></span> <span class='ocrx_word' id='word_1_166' title='bbox 1391 2892 1558 2976; x_wconf 88' lang='lat' dir='ltr'><strong>[Imminet</strong></span> <span class='ocrx_word' id='word_1_167' title='bbox 1578 2891 1620 2956; x_wconf 91' lang='lat' dir='ltr'><strong>illi</strong></span> 
     </span>
     <span class='ocr_line' id='line_1_25' title="bbox 381 2995 1619 3083; baseline -0.005 -17"><span class='ocrx_word' id='word_1_168' title='bbox 381 3001 519 3068; x_wconf 90' lang='lat' dir='ltr'><strong>bellum:</strong></span> <span class='ocrx_word' id='word_1_169' title='bbox 543 2997 630 3082; x_wconf 91' lang='lat' dir='ltr'><strong>qnod</strong></span> <span class='ocrx_word' id='word_1_170' title='bbox 653 3003 779 3082; x_wconf 76' lang='lat' dir='ltr'><strong>ametor</strong></span> <span class='ocrx_word' id='word_1_171' title='bbox 801 2997 890 3083; x_wconf 82' lang='lat' dir='ltr'><strong>pacis</strong></span> <span class='ocrx_word' id='word_1_172' title='bbox 913 3014 1049 3062; x_wconf 87' lang='lat' dir='ltr'><strong>securus</strong></span> <span class='ocrx_word' id='word_1_173' title='bbox 1072 2998 1217 3080; x_wconf 87' lang='lat' dir='ltr'><strong>suscepit</strong></span> <span class='ocrx_word' id='word_1_174' title='bbox 1238 3015 1298 3080; x_wconf 92' lang='lat' dir='ltr'><strong>pro</strong></span> <span class='ocrx_word' id='word_1_175' title='bbox 1320 2997 1454 3062; x_wconf 89' lang='lat' dir='ltr'><strong>iusticia</strong></span> <span class='ocrx_word' id='word_1_176' title='bbox 1477 3002 1512 3062; x_wconf 90' lang='lat' dir='ltr'><strong>et</strong></span> <span class='ocrx_word' id='word_1_177' title='bbox 1535 2995 1619 3077; x_wconf 88' lang='lat' dir='ltr'><strong>oqui·</strong></span> 
     </span>
     <span class='ocr_line' id='line_1_26' title="bbox 380 3085 1673 3186; baseline -0.007 -15"><span class='ocrx_word' id='word_1_178' title='bbox 380 3110 450 3172; x_wconf 83' lang='lat' dir='ltr'><strong>tate</strong></span> <span class='ocrx_word' id='word_1_179' title='bbox 471 3101 699 3186; x_wconf 62' lang='lat' dir='ltr'><strong>pugnaturum.</strong></span> <span class='ocrx_word' id='word_1_180' title='bbox 972 3085 975 3096; x_wconf 53' lang='lat'>¹</span> <span class='ocrx_word' id='word_1_181' title='bbox 1650 3091 1673 3134; x_wconf 71' lang='lat'><strong>‘²⁵</strong></span> 
     </span>
    </p>

    <p class='ocr_par' dir='ltr' id='par_1_11' title="bbox 466 3215 866 3290">
     <span class='ocr_line' id='line_1_27' title="bbox 466 3215 866 3290; baseline -0.01 -16"><span class='ocrx_word' id='word_1_182' title='bbox 466 3217 550 3290; x_wconf 82' lang='lat' dir='ltr'><strong>Basp.</strong></span> <span class='ocrx_word' id='word_1_183' title='bbox 571 3215 690 3284; x_wconf 83' lang='lat' dir='ltr'><strong>¹Iustus</strong></span> <span class='ocrx_word' id='word_1_184' title='bbox 712 3233 786 3273; x_wconf 85' lang='lat' dir='ltr'><strong>vero</strong></span> <span class='ocrx_word' id='word_1_185' title='bbox 809 3219 866 3274; x_wconf 85' lang='lat' dir='ltr'><strong>etc.</strong></span> 
     </span>
    </p>

    <p class='ocr_par' dir='ltr' id='par_1_12' title="bbox 465 3316 872 3378">
     <span class='ocr_line' id='line_1_28' title="bbox 465 3316 872 3378; baseline -0.01 0"><span class='ocrx_word' id='word_1_186' title='bbox 465 3338 533 3378; x_wconf 84' lang='lat' dir='ltr'><strong>vere.</strong></span> <span class='ocrx_word' id='word_1_187' title='bbox 565 3316 736 3376; x_wconf 85' lang='lat' dir='ltr'><strong>Offerrebat</strong></span> <span class='ocrx_word' id='word_1_188' title='bbox 758 3335 791 3374; x_wconf 89' lang='lat' dir='ltr'><strong>se</strong></span> <span class='ocrx_word' id='word_1_189' title='bbox 815 3321 872 3375; x_wconf 88' lang='lat' dir='ltr'><strong>etc.</strong></span> 
     </span>
    </p>
   </div>
   <div class='ocr_carea' id='block_1_3' title="bbox 842 1544 1670 1706">
    <p class='ocr_par' dir='ltr' id='par_1_13' title="bbox 842 1544 1670 1706">
     <span class='ocr_line' id='line_1_29' title="bbox 842 1544 1670 1706; baseline -0.004 -60"><span class='ocrx_word' id='word_1_190' title='bbox 842 1557 911 1706; x_wconf 47' lang='grc' dir='ltr'><strong>,ε</strong></span> <span class='ocrx_word' id='word_1_191' title='bbox 933 1622 965 1678; x_wconf 88' lang='lat' dir='ltr'><strong>p.</strong></span> <span class='ocrx_word' id='word_1_192' title='bbox 989 1600 1160 1661; x_wconf 68' lang='lat' dir='ltr'><strong>2331s-so,</strong></span> <span class='ocrx_word' id='word_1_193' title='bbox 1648 1544 1670 1586; x_wconf 64' lang='lat'><strong>¹⁰</strong></span> 
     </span>
    </p>
   </div>
   <div class='ocr_carea' id='block_1_4' title="bbox 987 2533 1672 2618">
    <p class='ocr_par' dir='ltr' id='par_1_14' title="bbox 987 2533 1672 2618">
     <span class='ocr_line' id='line_1_30' title="bbox 987 2533 1672 2618; baseline -0.007 -34"><span class='ocrx_word' id='word_1_194' title='bbox 987 2559 1024 2584; x_wconf 56' lang='lat' dir='ltr'><strong>a</strong></span> <span class='ocrx_word' id='word_1_195' title='bbox 1048 2559 1078 2615; x_wconf 75' lang='lat' dir='ltr'><strong>p,</strong></span> <span class='ocrx_word' id='word_1_196' title='bbox 1104 2533 1276 2598; x_wconf 68' lang='lat' dir='ltr'><strong>pppis-ss,</strong></span> <span class='ocrx_word' id='word_1_197' title='bbox 1649 2576 1672 2618; x_wconf 47' lang='grc' dir='ltr'><em>Ν</em></span> 
     </span>
    </p>
   </div>
   <div class='ocr_carea' id='block_1_5' title="bbox 939 3265 1281 3342">
    <p class='ocr_par' dir='ltr' id='par_1_15' title="bbox 939 3265 1281 3342">
     <span class='ocr_line' id='line_1_31' title="bbox 939 3265 1281 3342; baseline 0.009 -16"><span class='ocrx_word' id='word_1_198' title='bbox 939 3289 978 3312; x_wconf 82' lang='lat'><em>=</em></span> <span class='ocrx_word' id='word_1_199' title='bbox 1001 3285 1032 3342; x_wconf 75' lang='lat' dir='ltr'><strong>p.</strong></span> <span class='ocrx_word' id='word_1_200' title='bbox 1054 3265 1281 3330; x_wconf 67' lang='lat' dir='ltr'><strong>saara-2344.</strong></span> 
     </span>
    </p>
   </div>
   <div class='ocr_carea' id='block_1_6' title="bbox 861 3476 1146 3560">
    <p class='ocr_par' dir='ltr' id='par_1_16' title="bbox 861 3476 1146 3560">
     <span class='ocr_line' id='line_1_32' title="bbox 861 3476 1146 3560; baseline 0.011 -19"><span class='ocrx_word' id='word_1_201' title='bbox 861 3476 902 3541; x_wconf 82' lang='lat' dir='ltr'><strong>Io</strong></span> <span class='ocrx_word' id='word_1_202' title='bbox 923 3478 958 3560; x_wconf 64' lang='grc' dir='ltr'><strong>ᾖ.</strong></span> <span class='ocrx_word' id='word_1_203' title='bbox 981 3483 1146 3546; x_wconf 73' lang='lat' dir='ltr'><strong>nocturno.</strong></span> 
     </span>
    </p>
   </div>
   <div class='ocr_carea' id='block_1_7' title="bbox 467 3618 1675 3903">
    <p class='ocr_par' dir='ltr' id='par_1_17' title="bbox 467 3618 1675 3903">
     <span class='ocr_line' id='line_1_33' title="bbox 467 3618 1313 3696; baseline 0 -18"><span class='ocrx_word' id='word_1_204' title='bbox 467 3621 624 3696; x_wconf 73' lang='lat' dir='ltr'><strong>esophorio.</strong></span> <span class='ocrx_word' id='word_1_205' title='bbox 668 3619 851 3679; x_wconf 82' lang='lat' dir='ltr'><strong>Purifiootus</strong></span> <span class='ocrx_word' id='word_1_206' title='bbox 873 3645 915 3663; x_wconf 82' lang='lat'><strong>-··</strong></span> <span class='ocrx_word' id='word_1_207' title='bbox 935 3621 1034 3686; x_wconf 82' lang='lat' dir='ltr'><strong>virum</strong></span> <span class='ocrx_word' id='word_1_208' title='bbox 1058 3638 1095 3666; x_wconf 59' lang='grc' dir='ltr'><strong>ε</strong></span> <span class='ocrx_word' id='word_1_209' title='bbox 1117 3640 1150 3695; x_wconf 80' lang='lat' dir='ltr'><strong>p.</strong></span> <span class='ocrx_word' id='word_1_210' title='bbox 1174 3618 1313 3678; x_wconf 52' lang='lat'><strong>234627.</strong></span> 
     </span>
     <span class='ocr_line' id='line_1_34' title="bbox 468 3719 1675 3801; baseline 0.001 -20"><span class='ocrx_word' id='word_1_211' title='bbox 468 3725 625 3800; x_wconf 77' lang='lat' dir='ltr'><strong>antiphona.</strong></span> <span class='ocrx_word' id='word_1_212' title='bbox 670 3723 875 3800; x_wconf 78' lang='lat' dir='ltr'><strong>Consepultns</strong></span> <span class='ocrx_word' id='word_1_213' title='bbox 898 3752 938 3762; x_wconf 91' lang='lat'>-</span> <span class='ocrx_word' id='word_1_214' title='bbox 960 3723 1137 3801; x_wconf 77' lang='lat' dir='ltr'><strong>ambulsbnt</strong></span> <span class='ocrx_word' id='word_1_215' title='bbox 1158 3742 1197 3768; x_wconf 53' lang='grc' dir='ltr'><strong>Ξ</strong></span> <span class='ocrx_word' id='word_1_216' title='bbox 1220 3741 1250 3798; x_wconf 89' lang='lat' dir='ltr'><strong>p.</strong></span> <span class='ocrx_word' id='word_1_217' title='bbox 1275 3722 1433 3782; x_wconf 71' lang='lat'><strong>2349-11,</strong></span> <span class='ocrx_word' id='word_1_218' title='bbox 1651 3719 1675 3764; x_wconf 79' lang='lat'><strong>3⁰</strong></span> 
     </span>
     <span class='ocr_line' id='line_1_35' title="bbox 467 3825 1312 3903; baseline 0 -18"><span class='ocrx_word' id='word_1_219' title='bbox 467 3829 624 3903; x_wconf 74' lang='lat' dir='ltr'><strong>calupione.</strong></span> <span class='ocrx_word' id='word_1_220' title='bbox 669 3827 807 3886; x_wconf 79' lang='lat' dir='ltr'><strong>canebat</strong></span> <span class='ocrx_word' id='word_1_221' title='bbox 829 3855 868 3869; x_wconf 59' lang='grc' dir='ltr'><strong>-ν-</strong></span> <span class='ocrx_word' id='word_1_222' title='bbox 891 3827 1001 3884; x_wconf 80' lang='lat' dir='ltr'><strong>affectu</strong></span> <span class='ocrx_word' id='word_1_223' title='bbox 1025 3847 1062 3874; x_wconf 56' lang='lat' dir='ltr'>a</span> <span class='ocrx_word' id='word_1_224' title='bbox 1086 3843 1116 3902; x_wconf 89' lang='lat' dir='ltr'><strong>p.</strong></span> <span class='ocrx_word' id='word_1_225' title='bbox 1141 3825 1312 3886; x_wconf 54' lang='lat' dir='ltr'><strong>puls-14,</strong></span> 
     </span>
    </p>
   </div>
   <div class='ocr_carea' id='block_1_8' title="bbox 382 4025 1674 4319">
    <p class='ocr_par' dir='ltr' id='par_1_18' title="bbox 382 4025 1674 4319">
     <span class='ocr_line' id='line_1_36' title="bbox 384 4025 1622 4110; baseline -0.003 -18"><span class='ocrx_word' id='word_1_226' title='bbox 384 4030 460 4108; x_wconf 85' lang='lat' dir='ltr'><strong>gato</strong></span> <span class='ocrx_word' id='word_1_227' title='bbox 484 4028 597 4092; x_wconf 85' lang='lat' dir='ltr'><strong>obuiat</strong></span> <span class='ocrx_word' id='word_1_228' title='bbox 618 4028 769 4091; x_wconf 89' lang='lat' dir='ltr'><strong>inimicis.</strong></span> <span class='ocrx_word' id='word_1_229' title='bbox 813 4025 912 4090; x_wconf 90' lang='lat' dir='ltr'><strong>Porro</strong></span> <span class='ocrx_word' id='word_1_230' title='bbox 944 4026 1092 4090; x_wconf 90' lang='lat' dir='ltr'><strong>dominus</strong></span> <span class='ocrx_word' id='word_1_231' title='bbox 1123 4029 1178 4107; x_wconf 90' lang='lat' dir='ltr'><strong>qui</strong></span> <span class='ocrx_word' id='word_1_232' title='bbox 1200 4030 1336 4110; x_wconf 81' lang='lat' dir='ltr'><strong>martyri</strong></span> <span class='ocrx_word' id='word_1_233' title='bbox 1354 4048 1414 4094; x_wconf 90' lang='lat' dir='ltr'><strong>suo</strong></span> <span class='ocrx_word' id='word_1_234' title='bbox 1438 4028 1622 4094; x_wconf 84' lang='lat' dir='ltr'><strong>mercedem</strong></span> 
     </span>
     <span class='ocr_line' id='line_1_37' title="bbox 382 4119 1622 4214; baseline -0.002 -19"><span class='ocrx_word' id='word_1_235' title='bbox 382 4148 442 4214; x_wconf 91' lang='lat' dir='ltr'><strong>pro</strong></span> <span class='ocrx_word' id='word_1_236' title='bbox 466 4149 530 4212; x_wconf 91' lang='lat' dir='ltr'><strong>quo</strong></span> <span class='ocrx_word' id='word_1_237' title='bbox 552 4135 603 4195; x_wconf 90' lang='lat' dir='ltr'><strong>tot</strong></span> <span class='ocrx_word' id='word_1_238' title='bbox 624 4125 745 4210; x_wconf 82' lang='lat' dir='ltr'><strong>agones</strong></span> <span class='ocrx_word' id='word_1_239' title='bbox 767 4129 946 4208; x_wconf 82' lang='lat' dir='ltr'><strong>pertulerat</strong></span> <span class='ocrx_word' id='word_1_240' title='bbox 968 4129 1132 4195; x_wconf 76' lang='lat' dir='ltr'><strong>reddere¹³</strong></span> <span class='ocrx_word' id='word_1_241' title='bbox 1154 4119 1362 4198; x_wconf 87' lang='lat' dir='ltr'><strong>decreuerat:</strong></span> <span class='ocrx_word' id='word_1_242' title='bbox 1395 4139 1430 4198; x_wconf 89' lang='lat' dir='ltr'><strong>vt</strong></span> <span class='ocrx_word' id='word_1_243' title='bbox 1452 4131 1622 4214; x_wconf 90' lang='lat' dir='ltr'><strong>gloriosius</strong></span> 
     </span>
     <span class='ocr_line' id='line_1_38' title="bbox 383 4230 1674 4319; baseline -0.002 -19"><span class='ocrx_word' id='word_1_244' title='bbox 383 4253 457 4300; x_wconf 90' lang='lat' dir='ltr'><strong>eum</strong></span> <span class='ocrx_word' id='word_1_245' title='bbox 479 4239 664 4300; x_wconf 86' lang='lat' dir='ltr'><strong>coronaret:</strong></span> <span class='ocrx_word' id='word_1_246' title='bbox 686 4234 1006 4319; x_wconf 86' lang='lat' dir='ltr'><strong>iniquorumiaculis</strong></span> <span class='ocrx_word' id='word_1_247' title='bbox 1030 4233 1205 4312; x_wconf 84' lang='lat' dir='ltr'><strong>gloriosum</strong></span> <span class='ocrx_word' id='word_1_248' title='bbox 1230 4235 1405 4317; x_wconf 82' lang='lat' dir='ltr'><strong>martyrem</strong></span> <span class='ocrx_word' id='word_1_249' title='bbox 1429 4236 1621 4302; x_wconf 90' lang='lat' dir='ltr'><strong>occumbere</strong></span> <span class='ocrx_word' id='word_1_250' title='bbox 1652 4230 1674 4278; x_wconf 84' lang='lat'><strong>³⁵</strong></span> 
     </span>
    </p>
   </div>
   <div class='ocr_carea' id='block_1_9' title="bbox 381 4415 1622 4734">
    <p class='ocr_par' dir='ltr' id='par_1_19' title="bbox 381 4415 1622 4734">
     <span class='ocr_line' id='line_1_39' title="bbox 399 4415 1621 4482; baseline -0.003 -12"><span class='ocrx_word' id='word_1_251' title='bbox 399 4418 427 4462; x_wconf 87' lang='lat'><strong>-¹</strong></span> <span class='ocrx_word' id='word_1_252' title='bbox 452 4419 573 4479; x_wconf 72' lang='lat' dir='ltr'><strong>noroegia</strong></span> <span class='ocrx_word' id='word_1_253' title='bbox 588 4422 663 4468; x_wconf 86' lang='lat' dir='ltr'><strong>terre.</strong></span> <span class='ocrx_word' id='word_1_254' title='bbox 699 4417 845 4468; x_wconf 64' lang='lat' dir='ltr'><strong>&#39;numum</strong></span> <span class='ocrx_word' id='word_1_255' title='bbox 875 4415 927 4466; x_wconf 81' lang='lat' dir='ltr'><strong>³et</strong></span> <span class='ocrx_word' id='word_1_256' title='bbox 940 4417 1085 4482; x_wconf 75' lang='lat' dir='ltr'><strong>pertinaces</strong></span> <span class='ocrx_word' id='word_1_257' title='bbox 1100 4417 1151 4470; x_wconf 83' lang='lat' dir='ltr'><strong>tili.</strong></span> <span class='ocrx_word' id='word_1_258' title='bbox 1186 4417 1277 4482; x_wconf 69' lang='lat'><strong>⁴¹81·</strong></span> <span class='ocrx_word' id='word_1_259' title='bbox 1290 4419 1319 4472; x_wconf 37' lang='grc' dir='ltr'><strong>μ’</strong></span> <span class='ocrx_word' id='word_1_260' title='bbox 1339 4421 1508 4475; x_wconf 74' lang='lat' dir='ltr'><strong>execrabiles.</strong></span> <span class='ocrx_word' id='word_1_261' title='bbox 1544 4419 1621 4468; x_wconf 81' lang='lat' dir='ltr'><strong>⁶eius</strong></span> 
     </span>
     <span class='ocr_line' id='line_1_40' title="bbox 383 4503 1621 4570; baseline -0.002 -12"><span class='ocrx_word' id='word_1_262' title='bbox 383 4507 517 4558; x_wconf 78' lang='lat' dir='ltr'><strong>salutifera</strong></span> <span class='ocrx_word' id='word_1_263' title='bbox 529 4507 673 4570; x_wconf 83' lang='lat' dir='ltr'><strong>predicatio</strong></span> <span class='ocrx_word' id='word_1_264' title='bbox 687 4505 824 4566; x_wconf 84' lang='lat' dir='ltr'><strong>impiorum</strong></span> <span class='ocrx_word' id='word_1_265' title='bbox 846 4503 971 4565; x_wconf 87' lang='lat' dir='ltr'><strong>operibns.</strong></span> <span class='ocrx_word' id='word_1_266' title='bbox 1008 4503 1067 4551; x_wconf 90' lang='lat' dir='ltr'><strong>⁷ex</strong></span> <span class='ocrx_word' id='word_1_267' title='bbox 1085 4505 1121 4553; x_wconf 85' lang='lat' dir='ltr'><strong>eis</strong></span> <span class='ocrx_word' id='word_1_268' title='bbox 1142 4507 1279 4558; x_wconf 81' lang='lat' dir='ltr'><strong>cuiusdam.</strong></span> <span class='ocrx_word' id='word_1_269' title='bbox 1320 4507 1515 4558; x_wconf 78' lang='lat' dir='ltr'><strong>⁸ssiolsneadin.</strong></span> <span class='ocrx_word' id='word_1_270' title='bbox 1552 4506 1621 4567; x_wconf 69' lang='lat' dir='ltr'><strong>⁹np-</strong></span> 
     </span>
     <span class='ocr_line' id='line_1_41' title="bbox 381 4590 1622 4660; baseline -0.002 -16"><span class='ocrx_word' id='word_1_271' title='bbox 381 4594 505 4659; x_wconf 82' lang='lat' dir='ltr'><strong>pellstsr.</strong></span> <span class='ocrx_word' id='word_1_272' title='bbox 549 4594 573 4626; x_wconf 81' lang='lat'><strong>¹⁰</strong></span> <span class='ocrx_word' id='word_1_273' title='bbox 588 4591 694 4646; x_wconf 73' lang='lat' dir='ltr'><strong>bellum</strong></span> <span class='ocrx_word' id='word_1_274' title='bbox 733 4591 752 4636; x_wconf 75' lang='lat'><strong>¹!</strong></span> <span class='ocrx_word' id='word_1_275' title='bbox 772 4591 806 4642; x_wconf 87' lang='lat' dir='ltr'><strong>in.</strong></span> <span class='ocrx_word' id='word_1_276' title='bbox 846 4590 872 4622; x_wconf 76' lang='lat'><strong>¹2·</strong></span> <span class='ocrx_word' id='word_1_277' title='bbox 883 4591 1045 4652; x_wconf 80' lang='lat' dir='ltr'><strong>quantumin</strong></span> <span class='ocrx_word' id='word_1_278' title='bbox 1061 4592 1140 4644; x_wconf 71' lang='lat' dir='ltr'><strong>breui</strong></span> <span class='ocrx_word' id='word_1_279' title='bbox 1178 4594 1199 4629; x_wconf 61' lang='grc' dir='ltr'><strong>μ</strong></span> <span class='ocrx_word' id='word_1_280' title='bbox 1217 4599 1243 4643; x_wconf 86' lang='lat' dir='ltr'><strong>st</strong></span> <span class='ocrx_word' id='word_1_281' title='bbox 1260 4594 1370 4656; x_wconf 79' lang='lat' dir='ltr'><strong>glorium</strong></span> <span class='ocrx_word' id='word_1_282' title='bbox 1385 4611 1458 4645; x_wconf 84' lang='lat' dir='ltr'><strong>sunm</strong></span> <span class='ocrx_word' id='word_1_283' title='bbox 1477 4609 1555 4660; x_wconf 75' lang='lat' dir='ltr'><strong>quem</strong></span> <span class='ocrx_word' id='word_1_284' title='bbox 1572 4593 1622 4643; x_wconf 88' lang='lat' dir='ltr'><strong>diu·</strong></span> 
     </span>
     <span class='ocr_line' id='line_1_42' title="bbox 384 4675 980 4734; baseline -0.005 -1"><span class='ocrx_word' id='word_1_285' title='bbox 384 4683 439 4734; x_wconf 85' lang='lat' dir='ltr'><strong>cius</strong></span> <span class='ocrx_word' id='word_1_286' title='bbox 458 4686 484 4732; x_wconf 85' lang='lat' dir='ltr'><strong>st</strong></span> <span class='ocrx_word' id='word_1_287' title='bbox 500 4681 600 4732; x_wconf 78' lang='lat' dir='ltr'><strong>enidius</strong></span> <span class='ocrx_word' id='word_1_288' title='bbox 618 4681 717 4731; x_wconf 75' lang='lat' dir='ltr'><strong>sitierat</strong></span> <span class='ocrx_word' id='word_1_289' title='bbox 733 4679 784 4728; x_wconf 81' lang='lat' dir='ltr'><strong>ism</strong></span> <span class='ocrx_word' id='word_1_290' title='bbox 800 4677 918 4728; x_wconf 76' lang='lat' dir='ltr'><strong>sensim</strong></span> <span class='ocrx_word' id='word_1_291' title='bbox 931 4675 980 4730; x_wconf 73' lang='lat' dir='ltr'><strong>fils</strong></span> 
     </span>
    </p>
   </div>
   <div class='ocr_carea' id='block_1_10' title="bbox 0 0 1728 5428">
    <p class='ocr_par' dir='ltr' id='par_1_20' title="bbox 0 0 1728 5428">
     <span class='ocr_line' id='line_1_43' title="bbox 0 0 1728 5428; baseline 0 0"><span class='ocrx_word' id='word_1_292' title='bbox 0 0 1728 5428; x_wconf 95' lang='lat' dir='ltr'><strong> </strong></span> 
     </span>
    </p>
   </div>
  </div>
 </body>
</html>
