3524 5424
252 423 419 478 menoare
438 425 486 477 nn
503 424 741 485 manmena
759 427 882 479 annun
900 427 1214 480 monwnomusmn.
1315 432 1354 492 35

26 615 32 640 ⁵
129 611 261 690 vigiam,
284 610 371 676 vale¹
390 609 514 676 iaciens
538 611 725 678 laritztav0²
746 617 780 679 et
800 611 979 694 lagiperthi
1002 613 1183 694 relictoque
1212 611 1259 676 ibi
1288 610 1358 676 titio

130 731 181 780 suo
209 713 326 810 Magno
356 733 506 780 reversus
539 721 592 780 est
624 715 666 799 ad
699 717 869 796 genemm⁸
901 737 994 783 suurn
1028 716 1165 782 Olavum
1191 733 1301 798 regem
1325 717 1359 781 in

130 817 292 885 Sveti'riam
315 819 424 901 ibique
446 837 529 886 anno
554 820 609 885 ilio
632 828 776 887 moratus
800 826 861 888 est.
916 823 1119 888 Adveniente
1150 823 1261 902 itaque
1291 839 1360 886 ver·

128 923 185 988 nati
207 929 355 1006 tempore
378 925 598 1006 congregavit*
621 928 796 992 exereitum
815 927 934 993 au'xilio
950 928 1060 1008 generi
1082 927 1142 1007 aui,
1166 926 1220 1007 qui
1244 941 1361 1006 magua

88 1032 100 1076 i
129 1046 163 1092 ex
181 1033 274 1110 parte
297 1035 367 1096 erat
388 1047 598 1111 paganorum,
621 1031 775 1114 duxitque
798 1050 870 1098 eum
894 1051 954 1114 per
975 1031 1144 1114 superiora
1173 1030 1206 1094 in
1228 1029 1359 1114 Nerva·

127 1133 214 1213 giam
259 1132 403 1215 Cumque
426 1137 565 1200 instaret
586 1155 642 1201 rex
662 1137 808 1218 paganis,
830 1143 867 1202 ut
887 1137 1142 1219 baptizarentur,
1160 1133 1273 1216 iiiique
1302 1135 1360 1199 de-

127 1242 300 1331 treetareut
330 1240 497 1321 suscipere
527 1241 638 1321 jugum
674 1241 813 1334 Domini,
842 1243 889 1306 ait
917 1260 951 1307 se
984 1259 1048 1308 non
1081 1240 1227 1321 indigere
1259 1257 1359 1323 paga·

127 1360 233 1409 norum
257 1349 291 1410 et
312 1361 331 1408 a
349 1345 419 1410 Deo
436 1345 624 1427 alienorum,
646 1347 783 1412 maxime
807 1349 920 1412 eontra
944 1345 1155 1425 christianos3
1177 1345 1275 1410 vilem
1297 1344 1360 1409 sibi

127 1447 188 1514 iore
209 1448 388 1529 victoriam,
416 1467 490 1530 que
511 1451 692 1532 iniquorum
720 1451 870 1517 manibus
895 1451 1103 1533 patrareturi.
1128 1523 1131 1530 ,
1153 1451 1363 1532 Respondent

75 1552 100 1596 ¹⁰
127 1553 250 1634 pagani,
272 1558 406 1635 paratos
427 1572 464 1620 se
489 1555 620 1636 quidem
642 1555 687 1621 ad-
714 1573 792 1621 usus
825 1556 997 1635 beliorum,
1031 1561 1066 1622 et
1097 1555 1127 1619 si
1159 1555 1237 1636 quid
1271 1554 1360 1621 aliud

123 1657 249 1737 iuberet
269 1677 334 1738 rex,
356 1659 453 1724 istam
476 1678 552 1725 vero
575 1659 734 1726 novellam
757 1661 994 1729 institutionem
1023 1659 1112 1725 nolle
1146 1677 1184 1724 se
1217 1665 1363 1728 veterna

126 1763 345 1847 consuetudini
368 1769 576 1846 anteponere,
599 1765 696 1830 matie
718 1783 754 1830 se
775 1765 884 1830 redire
906 1765 940 1830 iu
962 1766 1110 1847 patriam.
1154 1765 1226 1844 Quo
1249 1764 1360 1831 audito

125 1885 176 1932 rex
195 1867 346 1949 permisit
366 1885 480 1934 omues
504 1869 604 1934 abire.
649 1864 847 1951 Odugregati
868 1873 945 1934 suut
973 1874 1092 1950 postea
1125 1871 1166 1936 ad
1201 1889 1274 1936 eum
1308 1889 1363 1952 pa·

125 1972 395 2054 rentesejusoum
408 1973 660 2039 Haraldoiratre
679 1973 759 2056 eius,
782 1975 837 2056 qui
861 1979 938 2040 tuno
961 1981 1032 2042 erat
1053 1975 1247 2043 adolescens
1267 1975 1361 2056 quin-

73 2067 97 2114 ¹⁵
126 2074 414 2156 decimanorum,
441 2077 503 2144 sed
525 2083 559 2144 et
581 2079 714 2159 quidam
737 2079 791 2143 aiii
814 2077 997 2160 principos:
1031 2080 1117 2146 inter
1146 2097 1227 2161 quos
1257 2078 1365 2145 erant⁶

127 2180 223 2262 Riugr
244 2179 328 2246 fitius
353 2183 441 2264 Dags
463 2201 536 2248 cum
556 2180 625 2248 iilio
649 2199 707 2248 suo
731 2182 874 2265 ejusdam
907 2184 1047 2250 nominis
1073 2189 1107 2248 et
1131 2184 1224 2248 iithr
1250 2201 1360 2250 eomes

126 2283 207 2352 filius
229 2288 324 2366 Arna,
351 2286 452 2352 irater
472 2285 653 2369 Ketia-qui
675 2288 813 2354 maxime
836 2289 1072 2354 adversabatur
1100 2289 1199 2370 regi'3
1233 2293 1364 2354 secutus

128 2388 230 2456 iuerat
253 2396 286 2458 et
311 2411 421 2474 regem
454 2393 637 2458 individuus
672 2409 783 2458 eomes
818 2393 851 2457 iu
885 2393 1036 2458 omnibus
1070 2394 1222 2475 perieulis
1254 2393 1362 2474 Ragn-

194 2577 253 2630 'A.
273 2583 345 2632 valdo
364 2582 390 2632 S.
444 2579 552 2642 ’rettet
570 2599 596 2634 se
615 2583 681 2648 cap.
697 2585 772 2636 xvi.
790 2583 933 2636 Wirtaiano
950 2585 1010 2636 ΑΚ.
1041 2586 1191 2639 wirotiavo
1209 2585 1236 2636 S.
1285 2581 1367 2637 'As

129 2669 204 2718 AKS.
221 2671 229 2718 i
247 2671 368 2732 Margen:
388 2671 404 2718 l.
424 2685 547 2732 socerum,
566 2673 588 2720 B
606 2673 754 2722 bemoerker:
773 2688 850 2739 gener
867 2689 1023 2738 prosocero·
1060 2669 1071 2700 ⁴
1088 2674 1141 2724 AS.
1160 2681 1317 2736 congregant
1335 2671 1366 2723 K.

130 2751 357 2820 “ASspararetur
376 2759 408 2808 K.
445 2753 529 2808 οΑΚ.
550 2769 604 2811 erat
621 2757 647 2809 S.
682 2756 763 2810 τΚΒ.
782 2763 849 2824 regio
868 2763 902 2811 Δ.
1320 2747 1322 2754 ’

213 2913 238 2970 1.
281 2904 402 2987 retiato]
434 2915 488 2972 eir.
517 2915 575 2991 leg.
601 2915 809 2991 Sapaudo:
839 2921 913 2976 sastr
944 2915 1000 2990 par
1032 2917 1112 2975 aeitir
1144 2935 1201 2974 suu
1229 2917 1298 2974 sinn
1317 2917 1367 2975 'til

128 3016 220 3076 foeirs
242 3018 307 3076 med
329 3018 491 3078 dariaiaeivi
512 3020 668 3094 kououge.
981 3079 986 3084 .

213 3125 239 3180 3.
284 3143 363 3182 anno
383 3115 451 3198 iilo]
475 3123 542 3198 Thj.
566 3143 599 3180 ar
623 3123 681 3182 den
705 3128 821 3196 onesta,
844 3124 900 3183 der
929 3125 1017 3184 iader
1049 3123 1125 3184 Olav
1155 3124 1290 3200 opholdo
1315 3126 1361 3200 sig

133 3225 191 3284 den
212 3228 307 3286 sidste
324 3227 432 3286 Vinter
452 3229 464 3285 i
487 3228 628 3315 Sverr'ge;
649 3229 709 3288 han
732 3229 860 3288 omtaler
881 3249 975 3305 ogsaa
983 3231 1060 3288 hans
1078 3213 1283 3304 Svigerfader‚
1308 3228 1367 3286 den

134 3331 260 3390 svenska
284 3331 369 3404 Olav,
403 3351 468 3392 som
491 3331 593 3390 endnu
625 3332 763 3403 levando,
796 3333 875 3393 hvad
908 3335 964 3392 der
995 3339 1138 3393 stemmer
1171 3333 1241 3392 med
1271 3333 1368 3390 Adam

135 3429 184 3515 (ΙΙ,
207 3432 269 3508 71).
965 3431 967 3434 ’

215 3543 242 3599 6.
287 3532 428 3617 paganis]
452 3542 504 3600 ofr.
528 3541 585 3618 leg.
611 3541 691 3617 Saga
715 3544 751 3601 81
777 3561 816 3618 og
839 3543 953 3602 Snorra
974 3539 1076 3616 (Hekr.
1100 3538 1187 3614 471).
1218 3571 1221 3578 ·

206 3645 263 3704 it.
295 3625 498 3722 ¹congregati]
528 3647 581 3704 afr.
608 3646 668 3722 leg.
693 3647 772 3723 Saga
795 3649 849 3705 86:
882 3647 940 3706 ,En
974 3647 1013 3721 pa
1046 3667 1079 3704 er
1112 3647 1197 3709 Olafr
1228 3629 1369 3721 konongr

136 3747 200 3808 kom
222 3771 240 3808 a
260 3751 407 3827 Upplond
424 3749 543 3825 pakom
563 3754 656 3810 innota
679 3751 845 3810 Haraldr
869 3751 1139 3828 Sigurdarenn
1160 3751 1368 3810 broderharrs.

138 3873 170 3910 ue
189 3873 242 3914 var
262 3873 342 3932 ungr
363 3859 394 3913 at
416 3855 513 3914 alldra
534 3875 570 3914 oo
592 3855 689 3914 mikill
721 3857 732 3915 i
760 3857 823 3932 hug
854 3873 897 3915 xv
929 3861 1024 3915 vestra
1058 3855 1175 3930 gameli.
1233 3853 1276 3912 Oo
1313 3853 1369 3912 toir

140 3955 217 4017 Olafr
237 3959 377 4035 konungr
397 3960 445 4018 vid
467 3961 578 4018 hanam
600 3961 664 4017 med
687 3960 811 4018 miklum
834 3979 898 4035 vag.
944 3959 989 4018 En
1023 3959 1088 4018 med
1120 3959 1262 4034 konunga
1296 3977 1368 4017 varo

140 4060 186 4119 adr
205 4065 589 4140 meetar'virdingarmann.
638 4058 759 4126 Finnr
788 4065 966 4124 Arnasun
1000 4083 1034 4124 er
1067 4063 1150 4124 siden
1183 4083 1237 4124 var
1269 4065 1325 4122 iarl
1359 4065 1370 4120 i

139 4165 305 4230 Danmarkn
332 4189 367 4230 oe
397 4169 637 4246 Rognvalldr
665 4170 867 4239 Brusasuu
898 4187 932 4229 er
961 4169 1048 4228 sidau,
1066 4189 1119 4230 var
1147 4169 1206 4228 iarl
1238 4167 1369 4232 iOrim·

141 4274 239 4348 aevinm
265 4304 305 4314 -
336 4303 364 4312 ·-
402 4275 719 4351 DagrRingsson
741 4271 1371 4348 formed01avekonongror-Gardum

142 4381 244 4460 austae
263 4381 275 4438 i
297 4378 443 4452 Svidpiod.
472 4406 513 4417 —-
536 4357 638 4438 Baade
660 4378 728 4455 Dag
750 4398 791 4454 og
811 4378 887 4436 hane
906 4375 1008 4436 Fader
1030 4377 1127 4454 Βίης
1146 4397 1201 4436 var
1221 4377 1291 4434 med
1313 4394 1373 4452 psa

141 4478 226 4540 Olars
247 4484 319 4560 Tog,
343 4503 375 4541 se
404 4483 463 4542 den
498 4482 633 4542 aeldste
665 4483 724 4558 leg.
760 4482 840 4558 Saga
872 4479 962 4558 (Udg.
987 4481 1016 4541 S.
1042 4477 1095 4552 95)
1129 4501 1169 4556 og
1201 4480 1370 4540 Thermods

142 4582 211 4644 Vera
233 4582 303 4665 (lag.
330 4587 409 4662 Saga
426 4579 493 4668 Ι96),
516 4588 593 4656 hvor
613 4583 689 4662 Bag,
720 4587 808 4660 linig,
842 4585 956 4644 Harald
987 4605 1028 4661 og
1050 4585 1125 4647 Olav
1147 4585 1275 4648 omtales
1300 4603 1372 4652 ,som

145 4686 178 4747 de
198 4693 215 4748 4
240 4687 442 4768 „Doglinger“
467 4691 527 4762 vad
549 4689 729 4751 sriktestau,

1046 4742 1054 4767 .·
1133 4712 1184 4830 3*’
1268 4759 1270 4764 ,
