3524 5424
289 375 455 431 HISTORIA
474 379 522 430 DE
539 372 775 438 animulam
791 379 920 432 REGUM
937 376 1251 432 nouwnsmasmrs.
1349 381 1387 444 51

157 568 189 630 et
209 564 329 630 Einaro
351 570 385 630 et
405 563 471 656 filio
495 563 573 646 ejus,
603 569 642 629 ut
661 581 768 630 rarum
792 565 897 630 exitus
918 564 1079 646 probavit,
1102 581 1202 630 causa
1223 561 1286 630 init
1307 567 1390 630 tem·

154 669 292 750 porariae
319 668 442 748 mortis,
471 669 547 750 quia
576 667 672 734 ambo
698 673 818 750 postea
846 669 887 734 ab
910 668 1054 734 Haraldo
1077 668 1182 734 occisi¹
1199 671 1284 734 sunt
1328 667 1390 734 llis

156 775 265 855 itaque
294 773 462 854 responsis
491 776 672 840 commotus
693 771 857 844 Haraldus
881 773 1034 840 discessit
1055 790 1174 854 araga
1196 776 1231 838 et
1252 771 1288 836 iu
1307 771 1392 838 Nor-

155 876 477 962 wagiamprotectus
500 881 569 957 est;
603 877 723 944 Susino
751 880 933 961 ιοιιιιιιιιιιι
967 895 1065 945 causa
1092 876 1302 943 discessionis
1325 875 1393 942 lla·

111 985 126 1032 ⁵
157 983 238 1050 raldi
261 1001 280 1048 a
301 982 418 1064 Magno
442 982 621 1064 evestigio
644 983 819 1078 comitatus
841 988 893 1048 est
914 999 998 1063 eum,
1026 982 1220 1064 promittens
1243 981 1274 1046 ei
1296 979 1391 1046 dimi·

158 1087 242 1154 diam
264 1091 391 1170 pomam
413 1088 533 1168 Daciae,
560 1087 589 1154 si
609 1092 748 1170 posseot
766 1105 877 1170 regem
898 1087 1052 1170 Magnum
1074 1085 1250 1154 eliminans.

158 1309 234 1392 cap.
256 1310 368 1376 XXVI.
412 1311 555 1378 lnreetio
576 1311 720 1377 auctoris
743 1312 776 1377 in
797 1304 987 1396 ambitiosos
1009 1317 1044 1379 et
1065 1311 1205 1394 qualiter
1224 1307 1393 1377 chosdroe

508 1505 515 1522 ι
636 1416 737 1482 vitam
758 1413 909 1482 finiverit.

223 1617 268 1682 ·O
290 1637 365 1686 vere
387 1616 498 1684 infelix
520 1619 686 1700 appetitus
708 1617 854 1684 honorisl
889 1635 908 1683 o
931 1617 1129 1684 miseranda²
1161 1624 1196 1686 et
1226 1617 1394 1684 miserabi-

93 1729 121 1772 10
156 1722 196 1788 lis
218 1728 262 1803 et,
284 1729 320 1790 ut
345 1743 364 1792 a
396 1723 600 1805 philosophis
628 1723 829 1804 describitur,
852 1741 929 1788 rere
952 1741 1039 1790 ceca
1061 1724 1204 1804 ambitio,
1228 1722 1338 1789 didos
1358 1727 1395 1788 et

155 1827 296 1894 humana
318 1829 456 1910 calcans,
479 1832 604 1894 nature
627 1826 866 1894 nondelerena
887 1827 1044 1894 honorem
1067 1831 1109 1908 et
1133 1828 1225 1910 onius
1251 1832 1397 1894 mentem

156 1932 260 2000 semel
281 1934 447 2015 invaserit,
470 1935 625 2015 impotem
648 1931 698 1998 sui
719 1931 874 1997 reddens!
920 1932 998 1998 llaec
1020 1931 1218 1998 absolonem
1241 1932 1274 1998 in
1297 1935 1395 2014 jugar-

155 2037 222 2102 lum
245 2039 349 2119 patris
371 2038 517 2117 armarit,
545 2041 583 2101 ιιι
610 2036 672 2102 sibl
694 2037 1025 2118 parricidioregnum
1047 2041 1194 2118 pararet3
1228 2043 1323 2104 etut
1352 2037 1394 2103 de
1418 2035 1422 2042 '

157 2141 300 2210 ethnicis
323 2141 446 2223 aliquid
468 2141 593 2221 loquar,
618 2141 688 2206 hac
708 2138 908 2206 Pharnacem
936 2140 1038 2207 lilium
1066 2140 1280 2208 Mithridatis⁸
1307 2141 1393 2222 regis

94 2246 119 2292 ¹⁵
156 2246 264 2326 Ponti,
290 2247 344 2328 qui
368 2264 440 2310 cum
461 2245 613 2310 Romanis
637 2245 729 2308 annis
753 2246 967 2327 quadraginta
988 2245 1109 2311 bellum
1131 2248 1243 2328 gessit,
1266 2247 1396 2328 impulit

157 2357 195 2439 ιιι
225 2354 354 2432 patrem
386 2368 479 2415 suum
512 2349 674 2414 inclusum
706 2349 739 2413 in
769 2350 908 2431 quadem
938 2351 1070 2416 civitate
1105 2349 1287 2428 obsideret3
1322 2368 1394 2416 cum

155 2457 244 2522 idern
267 2453 489 2520 Mithridates*
516 2453 572 2518 diu
595 2471 633 2518 ex
654 2454 812 2520 altissimo
840 2471 932 2519 muro
955 2455 1176 2534 concionatns,
1200 2454 1335 2536 cupiens
1357 2453 1396 2518 ll·

154 2561 235 2626 lium
258 2560 300 2626 ad
322 2558 580 2624 misericordiam
602 2556 744 2638 flectere,
767 2563 804 2622 ut
825 2558 1058 2626 inexorabilem
1080 2559 1172 2639 vidit,
1195 2557 1401 2624 exclamasse.

155 2666 274 2732 fertur:
297 2663 350 2730 Dii
371 2663 480 2745 patrii,
502 2662 597 2744 siqui
610 2662 701 2741 estis,
723 2663 842 2728 donate
860 2667 898 2728 ut
915 2663 1098 2729 Pharnaces
1119 2662 1181 2728 bac
1203 2664 1277 2744 ipsa
1298 2681 1396 2744 prece
1440 2683 1445 2691 ·

94 2775 123 2820 ²⁰
156 2771 245 2837 filius
270 2785 347 2835 suos
379 2772 493 2833 exoret
524 2770 558 2832 et
583 2783 648 2832 nou
676 2767 875 2833 exaudiatur.
926 2767 1106 2833 Post-haec
1130 2765 1332 2834 descendeus
1355 2768 1397 2832 de

155 2893 250 2942 muro
278 2872 369 2940 dedit
388 2884 550 2938 venenum
573 2868 721 2935 omnibus
744 2871 932 2938 concubinis
955 2872 1023 2937 suis
1045 2875 1080 2936 et
1100 2869 1177 2936 filiis
1202 2876 1236 2936 et
1257 2869 1403 2941 filiabus.

155 2981 330 3046 Postremo
364 2994 436 3041 cum
462 2975 605 3056 ipsemet
633 2973 799 3040 hausisset
820 2993 979 3042 venenum
996 2981 1038 3041 'et
1059 2975 1109 3041 ris
1131 2976 1246 3042 veneni
1268 2976 1302 3040 in
1323 2976 1396 3058 ipso

156 3082 301 3166 grassari
332 3097 398 3146 non
429 3084 548 3160 posset
576 3083 713 3160 propter
741 3079 991 3147 innumerabilia
1012 3080 1167 3159 remedia,
1192 3079 1310 3162 quibus
1331 3078 1396 3146 fre*

160 3192 298 3268 queuter
319 3185 481 3250 munierat
502 3198 562 3248 sua
582 3184 707 3250 viscera
728 3189 841 3250 contra
864 3184 999 3251 ιιιιιιιιιι
1021 3188 1161 3267 pestem,
1190 3202 1231 3248 ue
1263 3183 1317 3249 ab·
1333 3183 1399 3248 alio

92 3298 122 3344 ²⁵
158 3295 342 3370 necaretur,
358 3288 460 3354 fracto
480 3287 547 3369 jam
571 3305 661 3353 muro
684 3287 828 3370 porrexit
851 3287 1025 3354 ιιιιιιιιιιιὅ
1047 3287 1270 3369 speculatorii.
1305 3287 1398 3366 Quod

150 3394 204 3461 de
223 3395 286 3460 hoc
307 3393 471 3458 Lucanus:

215 3511 218 3518 ·
285 3509 292 3520 ¹
364 3497 539 3562 Barbarion
560 3495 614 3560 vix
636 3500 857 3563 consummato
880 3515 1014 3564 veneno.
1066 3523 1069 3530 ·

160 3601 213 3666 De
243 3602 307 3668 hoc
337 3619 413 3682 rege
446 3601 558 3667 scribit
583 3599 708 3665 Plinius
731 3601 899 3666 Secundus
928 3601 979 3666 his
1004 3601 1132 3667 verbis:
1168 3595 1398 3680 Mithridates⁴‚

231 3835 558 3905 1ΑΚ.ιοιιη)ιιι·ιι)(ι)8.
616 3835 698 3890 'SM
714 3819 916 3890 miserandas..
971 3837 1058 3891 ἈΚ
1076 3841 1212 3890 Mitridatis
1233 3840 1259 3890 S.
1305 3835 1405 3889 ‘Am

163 3929 311 3982 Mitridates.
349 3925 435 3979 ⁵All¹
455 3929 558 3977 siricam
571 3926 606 3988 ιι)
625 3927 650 3978 S.
688 3923 742 3978 ⁶8.
759 3928 904 3991 spiculatori
922 3929 956 3977 A.

247 4137 274 4194 3.
319 4137 352 4193 in
371 4123 575 4208 Morwagiam]
611 4130 770 4207 attigendo
798 4132 845 4190 fra
877 4105 925 4190 de*
950 4133 1044 4193 andra
1073 4133 1190 4206 Kilder,
1221 4151 1286 4192 som
1313 4132 1402 4191 leder

162 4237 277 4316 Harald
303 4241 400 4300 slutta
420 4236 569 4296 Forbund
597 4236 667 4293 med
690 4235 780 4294 Sreiu
800 4237 812 4292 i
835 4233 960 4312 Sverige
984 4243 1074 4297 enten
1099 4239 1183 4297 aiter·
1198 4237 1309 4306 Mose
1329 4237 1401 4296 mad

161 4340 292 4419 Magnus
315 4338 407 4418 (Flet.
428 4342 481 4414 Ill,
504 4343 573 4413 307,
597 4340 724 4416 Fagrslr.
752 4335 823 4412 114)
847 4341 923 4400 aller
944 4343 995 4410 lor
1017 4338 1119 4416 (Hskr.
1145 4336 1229 4415 559).

250 4451 297 4508 26.
342 4437 498 4522 Lucanus]
521 4445 627 4504 Phara.
649 4447 672 4518 Ι,
697 4445 773 4504 337:
827 4457 832 4466 ·

379 4543 517 4610 ·Proelia
538 4549 699 4610 barbarico
721 4551 771 4610 vix
794 4555 1000 4610 consummato
1018 4570 1146 4610 veneno.
1222 4557 1226 4563 ’
1273 4576 1275 4584 ·
1378 4559 1380 4567 ’

252 4658 317 4726 28.,
342 4647 474 4732 Plinius]
497 4655 518 4713 1.
540 4654 605 4730 vn,
628 4677 655 4716 c.
679 4655 735 4715 24:
768 4654 964 4716 Mithridates
980 4655 1122 4715 duarum
1146 4653 1308 4800 e4t*riginti
1330 4675 1403 4734 geu·
