3508 5426
367 415 416 482 »14
814 405 1007 468 THEODRIGI
1030 405 1194 466 nonaum

377 620 453 684 ergo
487 601 656 668 divinitns¹
689 601 897 682 receptisque
932 600 1068 666 naribus
1105 598 1187 664 abiit
1218 597 1250 662 in
1283 597 1509 678 Hyberniam²
1542 599 1612 663 inde

376 707 541 788 proiectos
561 712 615 772 est
636 707 668 772 in
686 707 847 788 Sollingcs
869 705 1003 784 insulas,
1024 723 1097 786 quar
1121 703 1274 778 adiacent
1292 702 1469 768 Britanniae
1491 703 1612 785 majori,

376 813 487 893 ibique
508 811 693 893 baptizalus
713 817 766 877 cst
781 829 852 878 cum
865 811 1016 876 omnibus
1037 810 1106 876 suis
1123 809 1220 875 avire
1243 807 1421 874 venerabili
1433 807 1614 874 Bernardo³

378 918 505 985 abbate.
559 917 640 984 Inde
674 919 817 1000 perrexit
849 917 881 983 in
905 916 1063 996 angliam,
1097 913 1152 979 nbi
1176 919 1208 979 et
1237 916 1382 978 moratus
1411 917 1464 978 eet
1492 913 1615 996 aliquot

377 1024 487 1102 annis;
509 1027 634 1088 mnmtc
657 1027 766 1090 tamen
789 1023 919 1088 nomine
939 1021 1045 1086 dictus
1059 1024 1112 1088 est
1124 1018 1194 1098 oie,
1216 1036 1255 1086 eo
1277 1018 1366 1100 quod
1385 1018 1488 1084 nollet
1509 1019 1614 1101 palam
1642 1031 1653 1075 ⁵

375 1129 447 1196 lieri
468 1129 620 1210 quisnam
644 1134 743 1194 esset.
789 1127 904 1192 Hocon
928 1144 1006 1207 ergo
1029 1130 1067 1192 ut
1089 1125 1242 1207 cognorit
1264 1143 1337 1190 eum
1359 1141 1422 1206 pro
1444 1129 1534 1190 certo
1556 1124 1614 1190 ibi-

377 1235 452 1300 dem
475 1233 602 1309 mcrari,
634 1233 738 1300 modis
762 1233 912 1300 omnibus
934 1231 1074 1297 intendit
1102 1231 1242 1296 animum
1266 1236 1303 1296 ut
1327 1247 1399 1295 eom
1423 1229 1494 1294 vite
1513 1229 1615 1310 priva·

376 1344 437 1416 ret
461 1356 500 1405 en
531 1337 616 1420 quod
639 1355 733 1419 naene
767 1338 874 1404 solum
903 1339 1036 1404 timeret
1066 1335 1128 1400 sibi
1163 1335 1299 1417 suisque
1332 1333 1533 1400 haeredibus.
1576 1335 1616 1400 Et
1720 1327 1725 1403 l

378 1443 458 1525 quia
477 1448 566 1510 totus
590 1450 661 1508 erat
691 1443 924 1520 fraudulentus,
960 1441 1093 1508 multum
1128 1440 1251 1522 diuque
1281 1458 1390 1506 secum
1425 1440 1615 1521 deliberans,

378 1549 531 1633 quidnam
555 1547 642 1616 iacto
664 1565 747 1630 opus
770 1553 865 1626 esset,
889 1553 1059 1629 postremo
1083 1546 1211 1612 vocavit
1233 1545 1276 1610 ad
1297 1563 1333 1611 se
1356 1546 1534 1615 avunculos
1557 1547 1615 1614 sci·
1645 1563 1667 1608 n
1724 1544 1725 1558 ¹

377 1653 457 1726 licet
491 1653 606 1730 Olavi,.
625 1652 743 1720 fratres
776 1652 930 1721 videlicet
963 1651 1075 1718 matris
1110 1651 1179 1734 ejus
1209 1651 1384 1731 Astritbar,
1417 1651 1558 1719 Iostcin⁴
1587 1656 1617 1716 et

377 1757 617 1838 Karlsnofotffl,
647 1759 941 1840 interminatusque
965 1757 1086 1822 osteis
1110 1761 1256 1833 mortem,
1290 1757 1351 1822 nisi
1376 1757 1480 1838 jussis
1511 1757 1615 1824 obedi-

378 1868 460 1928 rent.
507 1863 597 1928 Misit
620 1881 696 1944 ergo
720 1881 778 1931 eos
803 1863 835 1928 in
859 1863 1006 1942 Anglicrn
1030 1879 1101 1928 curn
1126 1862 1267 1942 quodam
1290 1862 1424 1943 antiquo
1448 1862 1615 1942 traditore,

377 1970 506 2035 nomine
529 1969 653 2034 Thorer
680 1969 812 2048 klalrka,
842 1969 896 2050 qui
924 1968 1013 2050 prius
1037 1967 1226 2048 aliquandiu
1249 1973 1393 2032 moratus
1416 1966 1524 2033 luerat
1546 1985 1615 2032 cunr

378 2075 489 2140 Olavo
531 2073 583 2140 Illi
607 2093 682 2140 vero
706 2092 768 2138 non
792 2075 862 2138 ausi
884 2073 1036 2138 reluctari
1071 2073 1140 2154 eius
1170 2073 1307 2154 imperio
1339 2072 1560 2154 promiserunt
1581 2091 1614 2138 se
1645 2096 1667 2141 rr

379 2179 509 2260 quidem
532 2179 645 2258 ituros,
669 2180 728 2243 scd
752 2176 839 2243 nullo
863 2177 926 2241 alio
948 2183 1055 2258 pacto,
1075 2177 1137 2240 nisi
1165 2176 1391 2260 patefacerent
1411 2177 1616 2242 traditionem

380 2289 414 2349 et
435 2284 608 2350 consilium
631 2285 769 2363 comitis,
803 2283 920 2349 saltem
947 2301 1030 2347 ..cum
1051 2282 1171 2347 Olavns
1200 2283 1326 2348 veniret
1347 2281 1431 2347 inira
1454 2283 1616 2364 Agtbanes

379 2390 420 2456 ad
443 2391 559 2472 locum,
583 2389 638 2470 qui
661 2389 780 2455 dicitnr
803 2386 1033 2454 Thiallabellir.
1079 2387 1195 2452 Hocon
1216 2407 1292 2458 vero
1324 2388 1562 2470 parvipendens
1585 2392 1617 2452 et

376 2493 566 2560 confidensl
583 2493 688 2559 solitis
714 2493 850 2573 artibus,
875 2498 908 2558 et
931 2493 1023 2575 quasi
1038 2492 1172 2558 Olarurn
1196 2493 1227 2556 in
1252 2492 1401 2558 matribus
1426 2493 1571 2574 haberet,
1589 2492 1614 2558 si

374 2599 452 2664 illuc
479 2618 583 2682 usqne
614 2599 746 2682 ignarus
781 2599 967 2663 traditionis
1003 2599 1212 2677 accessisset,
1247 2598 1419 2680 sciensque
1443 2617 1502 2680 pro
1526 2603 1611 2664 certo
1642 2633 1666 2678 20

374 2705 512 2770 Olavum
542 2706 662 2770 nemini
695 2705 895 2772 crediturum
929 2702 991 2767 nisi
1021 2701 1095 2782 illis,
1130 2702 1243 2786 annuit
1267 2704 1313 2768 eis
1339 2703 1426 2784 quod
1450 2703 1613 2786 petebant.

372 2811 478 2876 Jussit
501 2827 577 2894 ergo
602 2812 649 2878 eis
671 2812 824 2876 nunciare
856 2809 958 2876 Olavo
983 2808 1106 2873 obitum
1135 2826 1237 2888 sunm,
1271 2812 1372 2872 totam
1404 2815 1524 2874 terram
1548 2810 1614 2891 eJus

374 2916 558 2997 praestoleri
582 2915 767 2994 adventum,
790 2933 967 2996 properare
992 2932 1064 2978 enm
1088 2913 1219 2993 debere,
1250 2931 1291 2978 ne
1317 2913 1396 2994 quid
1424 2916 1496 2980 novi
1521 2916 1615 2980 inter-

375 3020 510 3085 veniret.

445 3262 526 3316 ¹SK.
552 3263 671 3314 divinitas
695 3259 721 3326 (l)
740 3264 772 3316 Δ.
816 3259 1050 3314 ²A.Hibsrnia1n
1063 3261 1116 3312 ΚΒ.
1159 3259 1246 3314 ³aK.
1265 3260 1414 3311 Bernhardo
1432 3261 1459 3316 S.
1500 3262 1613 3312 ⁴rettet.
1721 3276 1726 3376 ]

375 3350 489 3404 Iostlrern
508 3351 535 3406 Β.
561 3351 656 3402 Iostenr
675 3350 728 3400 AB.
753 3350 859 3412 (lstcem
875 3349 902 3399 K
932 3365 959 3399 er
981 3350 1104 3418 'lb-ykleil,
1130 3351 1172 3400 tbi
1195 3350 1274 3400 Index
1291 3350 1339 3399 har
1356 3350 1474 3414 sortem).
1510 3347 1612 3398 ⁵ABK.
1725 3377 1726 3415 q

374 3439 559 3490 Kerlseholoth
578 3440 607 3492 S,
642 3437 723 3488 ὅΒΚ.
742 3437 869 3488 confidens
888 3439 910 3488 is
928 3439 959 3491 A.
1530 3499 1532 3506 y
1720 3419 1727 3512 l

1725 3553 1726 3600 l

1725 3640 1726 3667 l

462 3668 489 3724 2.
525 3665 669 3742 Sullingae
688 3656 806 3739 insulas]
825 3659 1042 3739 sully-berne,
1062 3665 1073 3722 i
1094 3664 1246 3740 Sagaerne
1261 3665 1465 3741 Syllingar,
1490 3662 1612 3723 orntales
1725 3721 1726 3738 χ

376 3771 549 3830 iromerslr
570 3771 627 3828 Tid
657 3790 722 3829 som
746 3769 886 3844 Syline
912 3769 1048 3826 insula
1071 3761 1200 3844 (Salpia.
1232 3769 1347 3840 Seueri,
1375 3769 1505 3828 historia
1532 3784 1613 3833 sacre

375 3876 413 3947 Il,
439 3871 502 3946 51),
524 3877 535 3932 i
557 3875 794 3935 Haandslrriftsr
816 3875 863 3932 fra
887 3875 963 3932 lodo
986 3875 1076 3931 Aarh.
1101 3874 1267 3964 al'Solinus
1290 3874 1399 3934 kaldce
1417 3874 1455 3932 do
1477 3870 1611 3932 insulae

377 3980 530 4038 Sillinoe
554 3976 690 4051 (Solinus
714 3980 762 4038 ed.
785 3979 953 4038 Mommsen
979 3978 1010 4038 S.
1035 3972 1124 4051 113),
1154 3999 1210 4055 psa
1245 3978 1473 4039 nederlandsko
1507 3978 1612 4036 Karier

374 4087 423 4145 fra
447 4084 526 4142 llide
549 4083 770 4142 Aarhundrede
794 4084 994 4159 Sorlingre.

463 4244 490 4298 9.
535 4233 771 4316 fraudulentus].
815 4240 883 4298 Den
916 4239 1060 4316 fulgenda
1094 4239 1304 4314 Fremetilling
1326 4239 1359 4296 af
1377 4239 1520 4296 Huakons
1543 4235 1610 4294 For·

377 4347 488 4404 raederi
510 4345 580 4404 mod
603 4343 677 4403 Olav
700 4345 759 4403 ved
781 4345 873 4421 Hjslp
897 4345 929 4402 af
949 4341 1078 4414 Jostein,
1102 4343 1295 4402 Karlshoved
1317 4362 1356 4418 og
1374 4343 1475 4425 Thuore
1499 4338 1611 4400 Klalrka

379 4457 521 4510 staminer
543 4451 612 4510 med
636 4450 721 4508 Odds
746 4449 953 4526 vidilaftigcre
976 4448 1186 4524 Frcmstilling
1207 4441 1293 4524 (Gap.
1321 4451 1392 4506 12-
1407 4450 1454 4506 14.
1477 4447 1558 4506 Fam.
1581 4439 1608 4498 S·

379 4555 416 4628 X,
441 4557 595 4616 asa—63.

470 4713 513 4769 13.
560 4703 706 4788 traditor]
730 4712 748 4767 i.
774 4730 799 4768 e.
824 4710 968 4800 proditor
990 4670 1233 4790 (Jldirchmanat
