3496 5424
370 449 432 512 134
607 443 703 500 nora
722 447 851 502 snnrrrr
869 443 979 498 onuvr
998 443 1102 495 annis
1120 443 1167 494 ar
1184 435 1374 493 marinis.

370 611 518 707 Noricus,
531 627 906 712 neposbeatimartyris,
919 627 1098 708 virgenere
1115 623 1293 706 praeclarus
1314 627 1348 689 et
1364 621 1461 688 armis
1481 627 1607 704 potens.

372 735 432 801 Hic
456 753 528 800 cum
551 752 628 813 rege
652 733 824 798 Dubiiniae¹
844 728 1015 813 Margodo’
1032 727 1220 794 foederatus
1242 734 1275 793 et
1298 727 1436 810 quadam
1459 727 1608 792 familiari

371 841 530 904 socictate
564 835 768 918 conjunctus'
801 841 881 902 erat.
937 834 1082 914 Contigit
1104 839 1223 911 sautem,
1247 838 1281 896 ut
1304 833 1398 897 ambo
1422 833 1545 914 pariter
1576 832 1609 895 in

373 940 627 1024 expeditionem⁴
656 959 727 1006 cum
751 955 926 1006 numerosa
948 939 1052 1004 classe
1074 938 1221 1019 proiecti,
1250 937 1326 1002 inde
1354 937 1463 1001 multis
1492 935 1609 1017 opibus

373 1047 421 1130 [et
444 1046 603 1111 manubiis
628 1045 786 1127 eopiosisi
807 1045 999 1126 locupletati
1022 1046 1271 1108 reuerterentur.
1324 1041 1469 1119 Quadam
1500 1042 1609 1104 autem
1642 1065 1656 1110 a

299 1211 302 1218 ι
371 1151 425 1216 die
448 1167 520 1216 cum
544 1150 652 1232 spolia
674 1150 758 1214 inter
786 1167 822 1214 se
847 1149 979 1212 divisuri
1002 1147 1242 1226 convenissent,
1274 1142 1387 1212 ridens
1416 1164 1471 1209 rex
1494 1143 1612 1226 praela·

371 1261 424 1320 tus
445 1255 590 1336 praedam
613 1254 889 1332 innumerabilem,
914 1271 1023 1318 amore
1050 1249 1238 1334 cupiditatis
1267 1257 1446 1316 excaecatus
1479 1255 1542 1315 est:
1580 1254 1613 1315 et

373 1365 494 1426 mutue
517 1358 687 1424 societatis
710 1362 745 1424 et
772 1357 887 1422 alterni
910 1357 1103 1424 sacramenti
1127 1361 1330 1440 contemptor
1353 1354 1506 1437 proponit
1529 1353 1629 1445 duci,

372 1471 410 1529 ut
427 1465 525 1545 eligat
542 1481 640 1528 unuin
660 1482 677 1527 e
695 1461 830 1546 duobus,
846 1463 931 1546 quod
943 1463 1035 1527 vetit:
1060 1467 1117 1526 aut
1130 1460 1222 1526 mihi⁶
1244 1460 1374 1542 (inquit)
1395 1463 1499 1524 omnio
1518 1459 1614 1526 relin-

374 1587 455 1651 ques
472 1587 544 1634 com
567 1567 706 1632 navibus
726 1567 830 1649 spolia
853 1572 910 1631 aut
932 1584 1024 1630 ame
1046 1567 1167 1631 bellum
1190 1565 1249 1630 tibi
1273 1565 1398 1628 illatum
1423 1564 1613 1630 sustinebis.
1649 1585 1676 1632 10

373 1673 464 1737 inter
491 1672 552 1738 has
584 1673 711 1754 positus
747 1671 810 1736 dux
842 1671 1042 1738 (luthornrus
1074 1669 1248 1750 angustias,
1283 1669 1362 1754 [quo
1394 1689 1430 1734 se
1459 1669 1618 1734 verteret²

373 1777 556 1843 nesciebat:
589 1777 774 1857 relinquere
804 1776 952 1857 praedam·
977 1793 1048 1841 curn
1083 1774 1218 1839 navibus
1249 1781 1344 1858 turpe
1374 1775 1499 1839 sibiet
1526 1773 1617 1839 inde-

375 1900 486 1948 corum
508 1882 603 1947 nimis
624 1881 804 1956 videbatur,
835 1879 958 1944 bellum
982 1879 1106 1944 antem⁸
1133 1873 1298 1961 suscipere
1321 1877 1539 1962 periculosum
1563 1877 1619 1943 ad-

375 1989 504 2053 modum
539 1992 618 2052 erat.
672 1987 753 2052 Erat
775 1989 860 2051 enim
883 1987 968 2050 inter
993 1985 1153 2050 exercitus
1177 1985 1307 2065 grandis
1339 1984 1505 2062 distantia,
1527 1983 1617 2067 [nom

374 2111 432 2157 rex
461 2091 654 2173 praedicturi
683 2091 865 2174 quindecim
898 2107 997 2155 naves
1028 2091 1181 2154 habuisse
1206 2089 1337 2166 dicitur,
1362 2089 1425 2153 dux
1445 2105 1526 2153 rere
1546 2092 1619 2153 tan·
1653 2106 1678 2152 ιι

374 2203 443 2260 tum
474 2197 625 2278 quinque.
676 2196 748 2260 Dux
780 2196 894 2276 itaque
927 2193 1072 2259 ιιιιιιὶιιι10
1098 2195 1256 2260 biduanas
1279 2193 1376 2275 petiit
1398 2193 1555 2272 inducias,
1591 2194 1618 2258 si

373 2299 459 2366 forte
489 2305 660 2382 tyrannum
683 2321 702 2366 a
724 2301 873 2381 nequitia
897 2299 1081 2380 excogitata
1103 2302 1216 2380 posset
1239 2297 1429 2364 deflectere:
1464 2299 1538 2363 nam
1562 2315 1618 2364 eo·

375 2405 449 2470 dem
473 2405 525 2469 die
549 2411 618 2469 erat
638 2403 747 2484 vigilio
769 2403 858 2469 beati
884 2404 1049 2489 [martyris
1074 2401 1203 2468 Olari¹¹.
1248 2399 1422 2484 Postquam
1450 2421 1527 2468 vere
1550 2403 1619 2468 ani·

374 2527 461 2574 mum
484 2507 614 2574 barbari
639 2496 732 2574 nullis
763 2508 871 2590 potuit
899 2506 1055 2589 precibus
1085 2505 1240 2586 emollire,
1269 2505 1369 2588 elegit
1398 2508 1537 2574 honeste
1561 2525 1620 2590 po·

374 2612 471 2678 tius¹¹
503 2615 583 2678 mori
618 2629 715 2695 quam
751 2631 822 2678 cum
857 2611 1017 2678 dedecore
1049 2617 1141 2677 tanto
1177 2617 1211 2677 et
1242 2609 1374 2677 infamia
1407 2613 1455 2676 sni
1489 2613 1620 2692 generis
1653 2628 1681 2673 ao

374 2720 479 2802 spolia
512 2737 572 2784 sua
608 2737 680 2784 eum
716 2715 852 2782 navibus
889 2717 1074 2798 relinquere
1114 2724 1265 2800 tyrannm
1304 2716 1363 2781 sed
1400 2719 1476 2799 quia
1506 2716 1621 2783 huma·

378 2843 454 2889 num
488 2823 611 2902 deerat,
646 2820 786 2887 divinum
820 2821 972 2904 implorat
1006 2822 1158 2886 auxilium
1194 2827 1228 2886 ct
1256 2817 1388 2886 beatum
1413 2821 1560 2900 Olenum,
1585 2825 1623 2886 ut

379 2928 441 2992 sibi
472 2930 649 3008 succurrat,
675 2925 792 2992 devote
822 2925 1003 3008 precatur¹³
1025 2925 1237 3008 promisitque
1261 2943 1295 2990 se
1317 2925 1350 2989 in
1373 2925 1515 2990 ecclesia
1536 2944 1622 3018 mar·

365 3032 459 3114 'tyris
478 3031 781 3098 crucem-iacturum
803 3038 999 3113 argenteam,
1022 3033 1049 3096 si
1073 3049 1108 3096 se
1128 3030 1168 3096 de
1186 3049 1282 3095 manu
1301 3031 1385 3109 regis
1401 3029 1517 3112 perfidi
1538 3031 1622 3096 libc-

379 3143 476 3202 raret.
522 3136 604 3215 Quid
636 3137 760 3202 muita?
804 3136 961 3203 Ordinato
993 3136 1138 3200 exercitu
1171 3135 1309 3202 inimicis
1345 3117 1486 3200 occurrit
1518 3135 1621 3216 ogmi-
1656 3148 1683 3194 aa

381 3243 474 3307 nibus
511 3245 545 3305 et
578 3239 753 3306 fortissime
790 3222 1037 3321 diniicans‘ope
1061 3235 1181 3305 Christi
1212 3245 1245 3304 et
1272 3233 1436 3320 gloriosi¹⁴
1469 3241 1622 3323 martyris

380 3347 563 3410 interventu
596 3350 699 3410 totam
732 3346 944 3411 barbarorum
973 3343 1212 3408 multitudinem
1243 3345 1456 3426 prostravit¹⁵.
1512 3345 1623 3427 Inopi·

381 3441 456 3514 nata
479 3469 556 3530 ergo
589 3450 715 3531 potitus
744 3450 881 3515 victoria
903 3449 985 3534 [cum
1004 3447 1119 3514 laetitia
1136 3453 1169 3512 et
1187 3448 1297 3514 multis
1316 3450 1624 3532 spoliisrevcrsus¹⁶
1709 3477 1719 3512 ι

381 3575 505 3620 cruceni
538 3555 616 3620 iecit
638 3559 825 3636 argenteam
849 3551 937 3618 mirae
968 3549 1199 3636 magnitudinis
1229 3553 1324 3636 longe
1352 3555 1483 3620 humani
1507 3573 1624 3638 corpo·

380 3659 424 3722 ris
453 3649 583 3724 modum
615 3659 821 3725 excedentem
846 3663 880 3724 et
902 3661 1011 3740 posuit
1035 3677 1105 3724 eam
1134 3659 1166 3722 in
1196 3656 1336 3724 ecclesia
1358 3659 1447 3724 beati
1472 3661 1623 3742 martyris
1657 3669 1685 3714 ³0

381 3765 420 3828 ad
451 3781 566 3846 corpus
596 3765 666 3846 ejus
696 3765 728 3828 iu
761 3763 858 3826 divini
892 3762 1048 3844 triumphi
1077 3769 1111 3826 et
1142 3761 1319 3842 inopinatae
1343 3764 1624 3846 victorianum

380 3874 514 3950 propter
536 3871 651 3934 merita
674 3869 743 3949 eJus
768 3868 963 3946 obtinuerat,
986 3871 1239 3932 monumentum.
1507 3883 1509 3890 ’

451 4027 458 4054 ¹
478 4039 558 4079 certet.
579 4029 636 4090 mgl.
654 4029 660 4076 i
680 4028 753 4077 Brev.
772 4027 888 4076 nibiiniae
905 4014 1124 4078 assentiente
1139 4027 1225 4092 Diseg.
1245 4029 1251 4075 i
1272 4025 1390 4090 ilyflinnc
1411 3997 1484 4077 honr.
1521 4025 1531 4055 ²
1550 4029 1625 4079 Brev.

381 4132 415 4182 og·
433 4117 520 4180 DLeg.
539 4117 663 4178 Margadc
681 4113 750 4164 ASS.
779 4115 901 4178 Margadr
919 4115 994 4166 Hskr.
1015 4131 1042 4164 er
1060 4115 1198 4177 Margodur
1215 4116 1258 4164 het
1277 4117 1353 4165 Hom.
1375 4132 1401 4166 cr
1419 4117 1560 4178 Mardagur
1584 4118 1627 4166 het

380 4207 430 4268 leg.
449 4205 524 4268 Saga
563 4199 678 4266 'Diaeg
698 4204 847 4254 convinctus
866 4203 936 4253 ΑΕΒ.
956 4205 1102 4265 conjuratus
1120 4203 1193 4252 Brer.
1230 4199 1241 4230 ⁴
1260 4204 1346 4266 DLeg.
1364 4205 1529 4268 expeditione
1550 4203 1625 4256 ASS.

381 4293 567 4358 expeditionem
587 4293 661 4342 Brer.
697 4287 812 4356 ⁵Dch.
830 4301 857 4342 et
875 4292 982 4342 navibus
1000 4292 1109 4353 copiosis
1129 4292 1203 4342 Brev.
1222 4293 1280 4355 mgl.
1302 4292 1372 4344 ΑΘΒ.
1414 4289 1516 4345 ‘arsa
1534 4293 1626 4356 DLeg.

381 4383 441 4448 mgl.
460 4381 530 4432 ΑΕΒ.
567 4377 685 4444 'DLeg
706 4381 823 4444 ogBrert.
842 4381 902 4443 quid
920 4379 1083 4442 eligatASS.
1120 4375 1224 4430 'Brea
1242 4380 1303 4442 mgl.
1323 4380 1331 4428 i
1350 4379 1421 4434 Ass.
1457 4375 1626 4446 ⁹Brcv2rcx

381 4470 447 4518 enim
467 4469 537 4520 ASS.
556 4485 600 4518 rex
619 4484 727 4534 namque
746 4469 835 4532 DLeg.
871 4463 1220 4518 wormatiensium&
1259 4463 1279 4492 ¹¹
1292 4467 1381 4534 Dch.
1402 4483 1437 4532 og
1454 4470 1528 4518 Brcv·
1548 4468 1627 4520 Olaui

380 4557 446 4622 regis
459 4566 483 4606 et
497 4558 615 4621 martyris
630 4557 701 4608 Ass,
733 4553 838 4606 ”Brea
858 4557 918 4622 mgi.
939 4555 1010 4606 ASS.
1026 4535 1162 4618 og‘DLeg.
1194 4551 1305 4618 'inneg
1331 4571 1364 4620 og
1383 4557 1456 4606 Brev.
1476 4559 1627 4621 deprecatur

381 4643 451 4695 ASS.
493 4633 625 4708 “VDLeg
644 4661 679 4708 og
697 4643 768 4694 ASS.
786 4641 960 4708 gloriosissimi
980 4643 1053 4693 Bran.
1100 4638 1127 4673 ¹³
1147 4643 1234 4706 DLeg.
1254 4641 1288 4706 og
1305 4643 1377 4694 Ass.
1395 4646 1531 4710 prosternit
1548 4645 1626 4696 Brer.

387 4727 411 4760 ¹⁶
432 4731 504 4784 ASS.
522 4741 548 4783 et
566 4747 624 4782 eom
641 4733 728 4792 mainis
746 4731 835 4799 spoliis
852 4742 973 4793 maerens,
993 4745 1050 4782 cum
1070 4744 1164 4794 magua
1180 4731 1270 4782 laetitia
1287 4713 1377 4796 DLag.
1405 4733 1465 4798 mgl.
1482 4734 1557 4787 Brea.
