3524 5424
271 379 437 431 maroam
454 380 502 430 uu
519 377 756 436 marcomirum
773 379 898 432 uncum
915 379 1229 432 ronwaomusruu.
1311 383 1353 444 ll

119 583 187 644 gam
211 563 327 643 Italiae,
349 563 435 645 quod
457 565 668 630 vehementer
689 565 856 650 displicuit
880 564 1006 630 Carolo.
1050 564 1120 630 Iste
1152 583 1209 632 rex
1231 564 1354 646 Longo·

119 669 291 735 bardorum
314 668 448 734 multum
472 667 585 734 afflixit
608 670 786 738 Romanam
820 669 1001 748 ecclesiam,
1024 669 1107 736 adeo
1130 675 1167 736 ut
1190 669 1353 736 domiuum

119 783 238 855 papam·
256 763 414 840 inclusum
424 773 535 854 Papiae
555 774 730 840 obsideret
772 775 809 840 iu
825 775 886 840 bac
908 791 985 854 ergo
1007 775 1206 867 necessitate
1228 774 1354 855 positus

120 877 265 944 domiuus
284 895 370 960 papa
392 878 480 944 misit
501 878 613 944 literas
636 878 879 962 deprecatorias
903 877 1107 944 adCarolum
1126 896 1236 959 regem
1255 877 1354 942 Fran·

79 992 90 1036 ⁵
119 984 183 1062 cia,
213 983 362 1048 audierat
392 985 475 1048 euim
499 1001 573 1050 oum
595 984 743 1066 ingenue
764 983 884 1049 indolis
901 983 1064 1065 juvenem.
1109 981 1259 1048 Postulat
1279 999 1353 1046 eum

118 1088 286 1155 subvenire
313 1087 474 1153 laboranti
503 1088 663 1154 ecclesia:
696 1087 776 1153 nihil
804 1087 866 1152 sibi
894 1088 1075 1180 germanius
1096 1085 1166 1154 lore
1189 1105 1286 1168 quam
1307 1086 1354 1152 la-

118 1192 283 1258 borantem
313 1196 497 1258 sustentare
521 1197 667 1272 matrem,
689 1192 826 1261 obedire
849 1209 922 1257 eum
945 1197 1108 1272 oportere,
1132 1195 1248 1273 utpote
1272 1191 1354 1256 chri·

119 1296 254 1362 stiannm
284 1315 394 1378 regem
423 1315 549 1362 summo
576 1297 733 1378 pontifici,
767 1315 803 1361 se
833 1295 865 1361 iu
894 1296 1033 1361 maximo
1056 1295 1203 1379 periculo
1235 1295 1354 1362 consti·

117 1406 219 1466 tutum
243 1401 297 1466 die
314 1405 477 1483 noctuque
500 1401 572 1484 ejus
591 1401 775 1484 praestolari
798 1401 981 1481 adveutum,
1005 1401 1180 1466 accelerari
1200 1405 1353 1483 oportere

65 1523 89 1568 ro
118 1506 288 1587 negotium,
322 1505 422 1587 quod¹
455 1506 610 1572 alimenta
643 1504 734 1570 suno
761 1505 794 1570 iu
826 1505 915 1570 brevi
950 1504 1109 1570 delutura.
1159 1505 1219 1571 His
1248 1506 1354 1571 literis

118 1611 258 1692 acceptis
282 1609 427 1691 Carolus
457 1611 627 1692 quominus
653 1610 720 1693 jorn
748 1610 1033 1693 praemeditarctur
1056 1610 1294 1693 expeditionem
1317 1610 1350 1675 iu

117 1714 295 1794 Saxoniam,
330 1733 403 1796 quae
437 1713 543 1779 adhuc
577 1715 633 1780 illo
666 1714 699 1779 iu
732 1720 879 1797 tempore
913 1713 1096 1780 idolatriae³
1126 1705 1236 1780 dedita
1271 1719 1350 1796 erat,
1446 1739 1448 1744 ·

117 1820 194 1884 mira
218 1818 386 1884 eeleritate
408 1819 569 1884 contraxit
590 1820 775 1900 exercitum,
799 1821 900 1884 atroci
930 1820 1001 1901 lege
1030 1819 1198 1900 proposita
1231 1819 1354 1885 cunctis

116 1923 322 2006 principibus
346 1923 468 2004 siquis
489 1927 566 2005 post
585 1925 653 2006 ejus
671 1921 873 1989 abscessum⁴
894 1928 1124 1990 remoraretur.
1167 1921 1356 1988 Incredibili

65 2050 89 2094 15
118 2047 194 2110 ergo·
220 2033 255 2092 et
280 2029 447 2111 inopinata
476 2028 711 2094 acceleratione
734 2027 965 2094 transsceusis⁵
986 2028 1122 2110 Alpibus
1147 2065 1183 2074 -
1208 2031 1244 2091 ut
1273 2027 1353 2092 illud

116 2133 235 2198 Lucani
260 2133 429 2213 aptissime
453 2132 484 2198 ei
505 2134 613 2214 possit
635 2133 824 2199 convenire:

175 2253 177 2258 ·
281 2236 350 2302 Iam
371 2237 485 2320 rapido
510 2256 604 2302 cursu
627 2237 735 2302 Cacsar
757 2242 968 2319 superaverat
990 2238 1088 2319 Alpes
1109 2275 1152 2284 -·

115 2343 306 2424 improvisus
316 2339 418 2406 adluit
429 2361 488 2407 nec
500 2341 586 2407 lama
599 2343 727 2424 quidem
740 2349 907 2425 praeunte
920 2343 1142 2424 dispositaque
1153 2343 1222 2407 acie
1233 2341 1354 2406 obsidi-

116 2464 174 2512 one
187 2446 287 2512 cinxit
299 2447 474 2512 exercitum
487 2447 573 2528 regis
585 2447 900 2529 Langobardorum,
924 2448 971 2511 ita
983 2451 1019 2511 ut
1030 2445 1127 2511 miro⁷
1144 2450 1178 2511 et
1189 2445 1354 2511 rarissimo

61 2578 86 2622 20
117 2551 261 2633 exemplo
285 2551 392 2615 nullus
414 2557 541 2633 pateret
564 2549 671 2632 effugii
689 2551 780 2618 locus
800 2553 857 2633 illi,
881 2553 935 2634 qui
958 2551 1049 2632 prius
1068 2549 1150 2614 alios
1169 2550 1355 2617 incluserat.

115 2655 206 2732 Quod
228 2661 266 2722 ut
294 2655 435 2720 innotuit
462 2656 543 2736 urbi,
572 2659 712 2721 maximo
742 2657 859 2737 gaudio
881 2656 1015 2738 perlusa
1037 2660 1088 2720 est
1119 2656 1231 2721 civitas
1260 2674 1356 2737 aper·

114 2760 221 2842 tisque
243 2759 348 2844 portis
369 2761 507 2826 viriliter
529 2761 684 2826 invadunt
707 2741 938 2827 adversarios.'
962 2760 1092 2842 ⁸Carolo
1111 2760 1189 2824 loris
1208 2764 1352 2840 urgento,

114 2866 286 2946 oppidanis
316 2865 488 2936 ablintus
519 2865 726 2945 instantibus,
756 2869 847 2930 totus
879 2865 1039 2932 exercitus
1064 2864 1352 2946 Langobardorum

115 2973 147 3031 et
175 2969 370 3053 subJugatur
391 2974 426 3034 et
447 2969 506 3034 sub
525 2971 640 3052 jugum
663 2970 812 3036 mittitur.
857 2971 924 3035 Rex
952 2971 1022 3052 ipse
1051 2967 1250 3036 catenatus¹⁰
1278 2973 1352 3035 autc

57 3086 82 3128 2⁵
113 3073 214 3151 pedes
237 3074 358 3138 domiui
379 3092 474 3156 papre
497 3074 678 3154 adducitur,
697 3092 761 3139 non
785 3075 880 3140 datur
903 3075 1040 3155 imperio
1062 3074 1122 3138 sed
1144 3078 1180 3138 ut
1199 3071 1352 3154 trequen-

113 3180 165 3240 tcr
191 3183 416 3258 promeruerat
444 3179 577 3258 plebis¹¹
607 3179 793 3261 opprobrio.
844 3178 979 3244 Carolus
1008 3198 1064 3257 rex
1096 3178 1235 3259 requirit
1257 3197 1275 3243 a
1298 3179 1354 3244 do·

113 3281 200 3346 mino
226 3283 424 3364 pupa,·quid
448 3283 563 3364 Jubeat
590 3284 630 3347 de
657 3283 712 3348 illo
742 3283 822 3348 lieri.
873 3285 1032 3350 Dominus
1054 3301 1140 3364 papa
1162 3281 1354 3363 simpliciter
1442 3285 1445 3292 '

111 3387 297 3466 respondit:
341 3387 412 3469 Ego
444 3405 510 3452 non
543 3385 745 3468 corporalem
778 3387 835 3452 sed
866 3387 1069 3468 spiritualem
1096 3385 1165 3452 lero
1194 3386 1351 3466 gladium3

112 3489 193 3553 mibi
206 3489 335 3571 sufficit,
357 3492 386 3556 si
404 3492 457 3572 jus
479 3510 574 3557 suum
596 3497 630 3556 et
647 3496 839 3572 patronatus
857 3491 1007 3558 ecclesiae
1025 3491 1189 3570 reddatur,
1209 3491 1236 3556 si
1253 3491 1350 3556 beato

52 3614 80 3660 ao
111 3593 212 3658 Petro
233 3614 293 3660 sua
314 3596 537 3661 restituantur.
583 3595 700 3678 [Tuum
723 3601 785 3674 est,
809 3594 952 3678 inquit‚¹²
975 3595 1139 3662 carissime
1161 3593 1217 3674 fili,
1241 3595 1352 3672 decer·

111 3715 203 3778 nere,
225 3707 332 3764 utrum
363 3700 491 3780 regium
524 3717 641 3764 nomen
670 3701 703 3766 in
731 3700 828 3766 Italia
854 3718 1046 3782 permanere
1077 3699 1203 3778 debeat,
1226 3718 1266 3764 ex
1288 3717 1352 3780 quo

112 3801 346 3868 Constantinus
367 3802 453 3868 filius
474 3803 608 3868 Heleuae
628 3805 669 3868 ad
692 3803 847 3870 bonorem
870 3804 991 3869 domini
1012 3803 1116 3868 nostri
1133 3804 1213 3868 Jesu
1230 3801 1353 3868 Christi

111 3904 196 3970 illud
221 3909 382 3974 abdicavit
410 3912 445 3973 et
472 3908 570 3973 beato
593 3909 690 3973 Patro
714 3927 751 3973 ao
770 3909 917 3974 Romano
942 3908 1088 3990 pontifici
1111 3909 1144 3972 in
1162 3908 1215 3989 jus
1236 3925 1352 3989 perpe·

187 4079 193 4106 ¹
219 4083 285 4132 tilsat
303 4083 310 4132 i
329 4084 354 4132 A
374 4078 548 4141 (iParenthes)
569 4097 602 4145 og
615 4082 647 4130 K
682 4077 764 4132 ²As.
782 4080 809 4130 K
825 4089 903 4130 ratter
921 4079 950 4128 til
968 4082 1026 4130 siut.
1064 4077 1135 4130 ”Aa
1149 4080 1299 4129 idololatria
1317 4079 1352 4130 K.

110 4162 205 4217 ⁴AK.
225 4169 354 4220 abcessum
371 4169 398 4220 S.
442 4167 453 4196 '⁶
477 4169 530 4219 SK.
557 4169 711 4218 transscelais
738 4168 766 4228 (ll
795 4170 826 4216 A.
871 4163 886 4192 ⁸
908 4167 935 4217 S.
961 4167 1148 4231 Langobardiru
1166 4165 1225 4218 ΔΚ.
1270 4163 1351 4217 Ἀθ.

109 4258 173 4306 mire
193 4255 230 4304 K·
268 4252 328 4308 ’Κ
347 4255 498 4320 indakyder:
525 4258 566 4306 lor.
611 4251 699 4305 'Alo
720 4266 745 4306 et
762 4255 787 4306 S.
830 4252 855 4284 ¹⁰
876 4255 929 4307 As.
947 4267 1052 4306 eatenus
1071 4253 1099 4316 (l)
1111 4257 1144 4306 K.
1185 4253 1208 4282 ¹¹
1229 4255 1263 4304 K.
1288 4251 1353 4317 (pla-

109 4367 159 4432 bis)
177 4371 206 4422 S.
229 4371 324 4422 Ahar?
350 4334 408 4438 plen
427 4369 453 4434 (l.
473 4371 572 4436 plebis).
613 4369 635 4400 ¹²
656 4373 682 4423 S.
700 4373 784 4422 Tuum
803 4373 886 4438 inquit
903 4381 941 4424 est
959 4373 1019 4424 ΑΚ.

202 4543 253 4600 16.
295 4534 424 4617 Lucani]
446 4542 622 4604 Pharsalica
642 4545 665 4616 1,
692 4545 766 4602 183:

310 4649 371 4706 Iam
394 4648 556 4726 gelidas
579 4647 681 4708 Caesar
704 4667 795 4708 eursu
817 4637 1016 4724 superaverit
1038 4645 1143 4724 Alpes.
