3508 5426
374 366 403 428 11

375 557 400 602 ta
419 565 520 616 quoque
538 551 680 610 scriberem,
699 551 720 600 d
737 550 855 602 amicitia
877 558 969 602 nostra
992 550 1077 616 ignem
1100 551 1151 603 hoo
1169 550 1248 602 veluti
1265 549 1346 602 flabro
1363 551 1520 602 ventilarem.
1555 551 1610 602 Iam

375 641 472 704 pridem
490 639 586 690 iactum
605 647 649 701 est,
672 654 729 688 cnm
752 639 797 690 tibi
819 639 996 702 significaram,
1022 654 1062 690 ma
1085 641 1111 690 in
1130 640 1284 690 bibliotheca
1302 655 1317 690 a
1334 640 1429 699 Senatu
1448 647 1536 692 nostro
1553 639 1611 690 fldsi

375 742 437 778 masa
463 727 599 776 commissa
625 727 744 792 reperisse
761 727 913 778 Theoderici
941 729 1059 778 monachi
1082 728 1215 792 cujusdam
1232 727 1403 780 Nidrusiensia
1420 729 1553 780 historiam
1572 743 1612 778 re·

376 830 436 878 gum
460 814 672 876 Norvagiensinm
704 816 730 865 in
762 815 907 866 membrana
937 818 1068 880 scriptam,
1086 832 1142 881 quea
1164 817 1330 867 ducentorum
1356 825 1382 866 et
1408 818 1475 880 quod
1498 817 1613 866 excurrit

375 917 497 953 annorum
515 887 554 952 ras
571 913 655 967 gestas
675 903 859 967 complectitur.
891 904 932 952 Ex
949 903 994 954 illo
1014 907 1092 968 reperi
1111 919 1209 968 quoque
1228 906 1346 969 anonymi
1364 903 1496 968 cujusdam
1515 903 1613 954 autoris

375 991 494 1056 scriptum
522 992 553 1040 de
575 991 730 1056 proiectione
750 991 882 1040 Danorum
905 993 1042 1043 interram
1069 1002 1182 1043 sanctam
1210 995 1278 1042 circa
1302 1008 1395 1042 anunm
1423 992 1517 1044 Christi
1548 997 1612 1042 1187

375 1086 487 1143 tempore
505 1081 571 1142 ragis
589 1077 682 1129 Canuti
701 1079 857 1130 Woldatuari
880 1081 914 1130 fil.
934 1091 1056 1146 suscepta,
1081 1083 1149 1144 quod
1172 1082 1254 1145 ipsum
1273 1097 1373 1146 quoque
1392 1082 1471 1130 lucem
1491 1082 1614 1131 hactonus

375 1183 426 1218 uon
446 1170 536 1217 vidisse
555 1168 682 1216 existimo.
713 1167 833 1230 capitula
846 1169 975 1232 utriusque
998 1176 1120 1219 tractatus
1139 1170 1183 1218 tihi
1203 1171 1283 1232 mitto,
1302 1179 1330 1218 ut
1349 1184 1375 1218 re
1393 1185 1450 1219 cum
1468 1170 1525 1218 aliis
1542 1183 1615 1219 com-

376 1255 503 1304 municata
520 1255 653 1303 consilium
673 1256 733 1304 mihi
751 1255 810 1304 dare
830 1257 917 1316 possis,
941 1265 1023 1306 utrum
1043 1253 1132 1322 operes
1145 1258 1251 1321 pretium
1269 1257 1382 1307 fecturus
1400 1259 1456 1318 sim,
1476 1256 1496 1306 si
1516 1266 1614 1306 utram·

375 1358 423 1406 qna
442 1344 570 1392 historiam
589 1339 763 1406 publicarem'
800 1342 886 1394 Noliin
911 1344 1005 1393 lrustro
1029 1359 1066 1392 me
1089 1344 1203 1406 fatigata·
1228 1347 1247 1392 si
1272 1347 1350 1394 sciam
1373 1347 1420 1394 hos
1444 1353 1567 1395 tractatus
1586 1348 1615 1395 in

377 1429 461 1480 Dacia
479 1432 572 1482 alicubi
591 1441 677 1480 extare
695 1433 746 1480 sive
764 1432 844 1480 editos
862 1433 914 1482 sive
933 1434 1125 1493 manuscriptos.
1161 1433 1187 1482 Si
1209 1434 1299 1492 miuus,
1312 1434 1396 1482 videor
1409 1435 1472 1498 mihi
1483 1435 1614 1496 egregium

376 1524 523 1572 thesaurum
545 1520 667 1584 reperiam
689 1528 714 1569 et
731 1535 794 1570 auro
816 1529 905 1569 contra
922 1521 1105 1580 aestimandum,
1125 1522 1201 1570 modo
1221 1520 1324 1570 fortune
1350 1522 1408 1570 mihi
1433 1523 1529 1570 amicos
1553 1537 1615 1570 con·

374 1612 451 1670 ciliet,
470 1623 576 1674 querum
595 1623 673 1670 opera
689 1609 743 1656 boeo
761 1622 800 1656 res
814 1609 891 1670 regim
909 1609 1032 1671 majestati
1046 1610 1186 1658 innotescat
1230 1609 1275 1667 Te,
1294 1610 1331 1658 vir
1343 1611 1499 1674 amplissime
1513 1621 1538 1658 et
1551 1611 1617 1658 ami·

374 1701 482 1758 nimime,
500 1699 575 1746 etiam
595 1704 670 1759 atque
687 1697 762 1745 etiam
782 1711 851 1758 rogo,
870 1695 1112 1760 apad¹Daniearum
1132 1709 1213 1746 reram
1232 1697 1469 1760 peritos,inquircre
1487 1714 1538 1748 non
1556 1713 1616 1760 gra·

374 1787 447 1847 veris,
467 1794 549 1834 utrum
568 1783 647 1834 tando
666 1785 723 1846 quid
744 1786 774 1832 de
797 1784 835 1834 his
854 1784 954 1848 scriptis
973 1785 1123 1844 audiverint,
1142 1800 1230 1848 meque
1254 1785 1299 1849 piro
1322 1787 1399 1834 veteri
1423 1795 1507 1834 nostra
1526 1785 1618 1834 amici·
1664 1847 1668 1854 ι

374 1877 411 1926 tia
428 1875 534 1924 consilio
554 1881 597 1921 tuo
616 1873 705 1934 juvare
731 1888 761 1920 ne
784 1887 886 1936 operam
912 1883 936 1920 et
954 1872 1037 1920 oletum
1057 1873 1082 1922 in
1102 1874 1131 1920 iis
1150 1873 1321 1922 describendis
1339 1883 1363 1922 et
1381 1874 1540 1938 publicandis
1558 1889 1616 1936 par·

375 1966 454 2056 danup-
478 1963 577 2011 Dabam
597 1961 703 2017 Lubecaa
722 1961 761 2009 tx
780 1960 844 2022 Maji
864 1961 940 2010 Anno
959 1959 1125 2010 MDOXXV.

634 2155 661 2210 2.
709 2151 767 2208 Fra
787 2151 973 2208 JKircltmunn
995 2153 1025 2207 til
1046 2151 1146 2224 Holper
1166 2121 1359 2209 Roseulcrunta.
1400 2108 1403 2114 Ι
1414 2199 1442 2240 0

443 2293 626 2354 Nonpossnm‚
644 2292 705 2354 quin
723 2291 768 2340 tibi
788 2291 924 2354 significem
943 2305 981 2338 me
999 2291 1040 2339 hic
1059 2291 1125 2339 inter
1144 2289 1230 2350 libros,
1249 2291 1291 2354 qni
1309 2293 1334 2340 in
1348 2292 1500 2342 bibliotheca
1513 2292 1619 2356 publica

376 2391 434 2432 ante
452 2393 550 2440 pancos
569 2395 650 2429 anuos
669 2380 784 2429 instituta
802 2388 828 2428 at
846 2394 907 2428 meae
924 2379 981 2428 tidei
1000 2379 1142 2428 concredita
1154 2380 1326 2440 adservantur,
1345 2383 1467 2443 reperisse
1480 2369 1617 2428 historiam

376 2485 465 2533 regum
483 2465 703 2531 Norvagiensium
721 2468 863 2529 aquodam
887 2469 1011 2545 monacho
1036 2467 1197 2517 Theoderico
1222 2467 1340 2530 scriptam
1362 2475 1387 2516 et
1405 2468 1551 2530 Augustino
1571 2466 1619 2517 Ni·

375 2559 543 2608 drosiansium
568 2557 768 2619 Archiepisoopo
792 2557 937 2620 inscriptam
960 2569 1005 2603 nec
1028 2569 1080 2603 non
1106 2555 1234 2619 Anonymi
1263 2553 1395 2617 enjusdam
1423 2563 1557 2604 tractatum
1587 2555 1619 2610 de

375 2643 532 2710 melectinus
553 2645 733 2694 Dacorumin
759 2653 849 2694 terrem
873 2653 994 2693 sanctam.
1039 2639 1127 2706 Longe
1153 2644 1283 2706 antiquior
1307 2651 1346 2691 sat
1371 2643 1415 2692 illa
1438 2641 1618 2692 Theudoricus

376 2734 503 2795 occursio,
530 2735 572 2798 qui
597 2748 649 2798 praa
674 2734 723 2782 hoc
746 2733 820 2796 plane
845 2732 951 2782 confuse
975 2732 1105 2782 historiam
1131 2746 1218 2796 regum
1237 2730 1448 2793 Norsagicnsinm
1472 2732 1573 2795 scripsit
1593 2741 1620 2780 et

376 2826 515 2874 maximam
539 2831 634 2886 partam
658 2823 683 2871 iu
707 2822 781 2872 rahus
804 2821 1010 2870 Normannoram
1031 2821 1189 2883 explicandis
1211 2829 1349 2884 occupatus
1369 2829 1415 2870 ast.
1458 2817 1485 2868 Si
1504 2819 1559 2877 tibi,
1579 2821 1619 2870 vir·

376 2927 505 2977 generose,
528 2911 634 2961 historia
657 2913 709 2962 haec
732 2910 827 2972 aliquid
849 2909 933 2958 facore
955 2909 1117 2960 videaturad
1137 2907 1260 2969 majorum
1279 2899 1419 2958 vestrorum
1437 2923 1475 2956 res
1499 2908 1619 2972 praeclare

376 3010 469 3066 gestas,
495 3015 552 3065 qam
574 3001 721 3064 scriptorum
746 2996 844 3047 deiecta
867 2999 990 3045 hactenus
1017 2997 1042 3044 in
1069 2995 1176 3043 obscuro
1199 2997 1335 3054 latuerunt,
1362 3011 1464 3060 operam
1491 2995 1568 3054 dabo,
1592 3005 1620 3046 nt
1699 3027 1704 3042 .

375 3098 482 3152 uterque
500 3099 624 3139 tractatus
640 3089 721 3136 lucam
742 3088 833 3134 videat.
861 3085 934 3145 Vale,
953 3085 1145 3146 generosissime
1168 3085 1277 3132 domine.
1317 3085 1417 3133 Dabam
1438 3083 1545 3134 laubacus
1563 3083 1617 3134 XX

377 3177 430 3228 dut.
450 3178 527 3228 Anno
545 3175 711 3226 Mnoxxv.

466 3370 494 3426 3.
540 3369 600 3426 tta
620 3367 806 3426 JKr'rclrmcnn
828 3367 858 3422 til
877 3365 1039 3422 Kantrieren
1063 3363 1195 3422 Christiw
1219 3367 1293 3449 Erite
1314 3368 1344 3422 at
1363 3366 1518 3441 Krnqarup.

352 3567 356 3576 ι
445 3481 631 3558 Constitueram
650 3508 726 3568 igitur
744 3505 790 3554 sub
810 3513 853 3552 tuo
869 3504 959 3553 illustri
977 3504 1077 3552 nomine
1096 3503 1121 3553 in
1140 3503 1269 3567 publicum
1288 3507 1359 3554 edere
1378 3505 1534 3566 docuisses,
1554 3520 1617 3567 quos

378 3596 472 3653 vidisti,
487 3595 589 3644 libellos
608 3607 714 3657 quoram
730 3593 801 3651 [alter
824 3590 969 3642 continebat
987 3593 1119 3642 historiam
1138 3595 1237 3656 aliquot
1260 3607 1347 3656 rogum
1368 3593 1446 3644 lions.
1465 3609 1482 3643 a
1499 3593 1616 3642 Theodo-

376 3685 429 3734 rico
448 3684 557 3748 quodam
578 3682 701 3730 monacho
715 3689 773 3730 ante
787 3681 984 3745 quadringentas
1003 3688 1031 3730 et
1048 3681 1183 3744 sexaginta
1197 3697 1279 3733 annos
1288 3684 1464 3748 conscriptam,
1476 3683 1541 3734 altar·
1559 3695 1616 3746 pro·

376 3771 512 3822 factionem
531 3771 662 3820 Dacorum
681 3771 706 3817 in
725 3779 815 3822 terram
834 3777 945 3818 sanctam
965 3769 1118 3831 temporibus
1131 3767 1225 3819 Canuti
1244 3771 1310 3834 regis
1327 3773 1394 3820 ciron
1412 3785 1505 3820 nonum
1519 3769 1615 3819 Christi

376 3853 558 3910 MGLXXXI'
575 3866 724 3925 queceptam.
759 3855 831 3925 Cum¹
843 3859 908 3906 anim
927 3857 1035 3927 plurima
1053 3857 1078 3906 in
1097 3858 1127 3906 iis
1145 3857 1313 3926 inveniantur,
1332 3873 1389 3922 qum
1402 3859 1434 3907 ad
1453 3857 1615 3907 illustrandas

377 3945 469 3994 Duniae
487 3927 674 4008 Norvsgiaqne
693 3945 858 4009 antiquitates
883 3943 988 4004 iaciunt,
1013 3949 1096 4010 operat
1115 3961 1153 3992 me
1175 3946 1284 4008 pretinm
1303 3961 1356 3995 esse
1375 3946 1500 4020 facturum
1520 3943 1614 4008 putavi,

378 4099 567 4109 ...--——---—----
573 4099 580 4105 ι

411 4196 421 4234 ³
446 4200 523 4250 Dissa
540 4200 680 4263 Excerpter
697 4215 755 4250 maa
771 4201 938 4262 Modtegareu
955 4201 1019 4250 hare
1037 4201 1147 4250 tiletillat
1162 4200 1259 4265 Holger
1277 4200 1461 4258 Rosenkmta,
1479 4201 1515 4250 tbi
1535 4199 1615 4248 nerone

446 4287 552 4350 modtog
564 4287 630 4336 Brcv
649 4287 687 4339 ira
700 4289 778 4350 Kong
790 4287 918 4338 Christian
937 4285 1048 4347 (skrevet
1067 4293 1096 4337 at
1117 4289 1196 4338 Marts
1218 4285 1302 4346 leat),
1322 4297 1366 4348 „ut
1385 4289 1495 4337 mitteret
1509 4287 1614 4337 Univer-

349 4387 356 4398 ·
447 4376 514 4424 nitati
535 4375 671 4425 liconiensi
690 4376 784 4425 indices
802 4385 828 4425 et
845 4377 958 4440 capitula
981 4375 1102 4425 Historias
1124 4375 1352 4438 terwanensium,
1376 4391 1451 4439 quam
1475 4377 1500 4426 J.
1524 4373 1613 4423 Kirch·

446 4477 553 4512 mannus
573 4464 656 4513 voluit
672 4465 699 4513 in
717 4465 798 4514 lucem
817 4459 903 4513 edere“
923 4462 986 4522 (scr.
1009 4477 1055 4514 rar.
1078 4463 1146 4513 Dan.
1169 4465 1194 4513 V
1213 4470 1258 4512 311
1286 4463 1350 4513 sicar
1369 4465 1437 4513 Acta
1454 4464 1511 4514 Soc.
1534 4463 1614 4520 Indeg

447 4551 631 4602 Hauniansium
652 4568 676 4616 p.
693 4550 764 4612 itt).

415 4635 425 4668 ⁸
449 4640 550 4690 vistnok
567 4638 683 4706 Trykieil
701 4638 742 4688 ior
756 4638 950 4690 ncbxxxxt
969 4647 997 4693 ng
1021 4645 1091 4691 1191.
