3448 5428
383 403 445 466 288

383 590 506 668 quartu.
530 583 703 652 millesimo
726 583 882 652 vicesimo
910 589 1028 652 octauo
1055 601 1140 654 anno
1169 583 1210 652 ab
1233 582 1457 657 incarnatione
1479 585 1612 653 domini:

381 691 421 756 cle
444 691 561 756 castris
583 689 626 755 ad
647 689 738 771 regni
764 689 851 771 regia
879 687 1021 770 palacia:
1051 691 1092 758 de
1118 689 1207 756 bello
1237 689 1390 770 migrauit
1409 691 1459 756 ud
1487 707 1612 773 pacem:

377 815 440 878 que
463 797 619 877 exuperat
641 811 769 862 omnem
792 811 934 862 sensum.

458 907 541 984 oq».
585 907 761 966 Deusnsrat
782 909 899 984 martyr
919 906 1027 968 christi
1047 909 1080 968 in
1101 908 1201 968 locum
1222 907 1274 969 vbi
1302 925 1415 984 cor-pao
1438 907 1506 968 aius
1529 925 1613 969 senc·

374 1010 526 1070 tissimum
558 1011 650 1072 modo
683 1013 860 1090 requiescit.
894 1011 984 1072 huius
1017 1011 1077 1074 loci
1108 1013 1210 1073 incole
1245 1012 1393 1074 obstinati
1419 1013 1452 1074 in
1479 1013 1610 1076 malicie:
1641 1011 1654 1058 ⁵

375 1115 650 1178 {loritello-hostes
673 1122 762 1176 erant
781 1117 997 1179 inexorabiles.

457 1241 526 1279 cers.
559 1223 598 1280 Hi
628 1241 702 1300 ergo
725 1222 855 1282 collecto
890 1223 1027 1283 exercitu
1048 1213 1266 1284 ‘conuenerant
1293 1223 1324 1282 iu
1353 1239 1444 1286 vnum
1466 1221 1614 1290 aduersus

378 1323 551 1398 dominnm,¹
564 1330 596 1386 et
618 1327 769 1386 adnarsne
792 1327 940 1390 christum
962 1328 1038 1388 eine.
1083 1327 1231 1390 Uer-itatis
1252 1327 1359 1388 noste
1382 1331 1478 1388 erant
1521 1355 1525 1366 r

457 1423 566 1489 Lectio
587 1423 669 1505 nist·
699 1424 805 1490 Nocte
826 1442 903 1490 vero
925 1425 1123 1507 precedente
1145 1423 1230 1490 diam
1251 1441 1317 1506 qna
1340 1428 1462 1507 martyr
1482 1423 1613 1510 inclitus

373 1547 493 1610 pessus
516 1533 567 1596 cst
588 1529 741 1612 apparuit
761 1528 809 1594 illi
831 1528 1094 1598 dominusiesns
1113 1529 1222 1596 vernis
1242 1528 1471 1610 consolatoriis
1488 1528 1612 1597 damni·
1644 1536 1666 1580 1⁰

374 1651 450 1698 cene
483 1634 576 1698 illum
607 1635 733 1700 dicens·
784 1633 912 1701 Accede
934 1633 1041 1718 inquit
1063 1634 1103 1700 ad
1126 1653 1178 1700 me
1200 1634 1321 1701 dilecta
1343 1635 1388 1700 mi
1409 1633 1614 1702 rt-lcccrom

374 1741 502 1805 tuorum
532 1739 657 1805 iructsa
676 1738 885 1806 dulcissimos
912 1757 1027 1822 comas
1056 1740 1317 1822 in'eenrpiterna
1342 1739 1467 1808 leticia:
1500 1741 1613 1806 noem

343 1891 344 1896 η
372 1841 482 1909 nuens
504 1845 679 1911 concertio.
731 1845 802 1924 Qua
830 1845 956 1912 risione
984 1844 1161 1912 admodum
1183 1843 1385 1913 confortatae
1406 1842 1613 1926 noricense

371 1949 459 2014 letne
483 1948 614 2016 obtulit:
645 1951 710 2016 iam
738 1950 895 2017 diuinitus
918 1949 1042 2018 scalen
1067 1967 1203 2033 sparena
1225 1968 1323 2033 quam
1343 1951 1378 2018 iu
1395 1950 1524 2018 oomnis
1555 1967 1611 2017 nu-

373 2071 433 2137 per
466 2054 506 2119 ad
539 2055 627 2123 celos
660 2060 804 2122 erectam
836 2057 976 2124 viderat:
1010 2074 1070 2152 per
1097 2074 1193 2140 quam
1221 2055 1263 2124 ad
1286 2054 1491 2126 dulcedinem
1514 2073 1610 2138 quam
1643 2055 1665 2104 1⁶

371 2163 562 2242 guatanerat
582 2161 725 2228 feliciter
745 2166 817 2230 erat
839 2178 1042 2228 inconsonis.

454 2273 537 2352 nep.
566 2274 732 2352 ¹Elgregiue
762 2279 876 2352 martyr
903 2277 1019 2336 alance
1033 2281 1122 2339 nocta
1147 2275 1333 2352 precedente
1354 2273 1436 2335 *elem
1459 2293 1514 2336 sna
1537 2294 1610 2351 pae-

372 2381 484 2440 eionis:
513 2381 678 2456 splendore
707 2381 849 2440 amictum
877 2382 1104 2458 contemplatur
1130 2384 1229 2444 iesum
1251 2383 1402 2442 nentem
1425 2379 1485 2444 eibi
1507 2400 1544 2443 eo
1568 2380 1611 2440 di·

371 2489 499 2546 centem.
545 2485 621 2548 Ueni
644 2487 740 2558 chare,
761 2505 863 2546 meua:
891 2490 1014 2563 tempus
1027 2463 1031 2470 ²
1043 2490 1091 2546 cat
1111 2489 1145 2546 vt
1163 2485 1303 2550 laborum
1323 2489 1445 2544 tucrum
1469 2484 1611 2546 dulcissi-

370 2611 436 2651 mos
459 2593 614 2670 percipias
637 2594 766 2652 fructae.
1641 2605 1665 2650 tc

448 2717 519 2757 oens.
564 2699 600 2758 ln
621 2699 824 2761 admiratione
852 2697 1102 2776 arpertus·illina
1125 2693 1292 2762 cronaca
1321 2695 1436 2758 celeste
1471 2697 1614 2773 percepit

316 2779 324 2802 ⁹
370 2796 534 2862 oraculum.
622 2803 700 2864 Ueni
723 2805 814 2864 chare
836 2823 933 2864 mane.
1562 2792 1570 2807 ’

458 2899 566 2967 Lectio
593 2901 636 2964 ic.
680 2901 823 2966 Eucluto
843 2902 953 2984 itaque
971 2901 1132 2984 passionis
1150 2900 1239 2966 illins
1259 2903 1426 2982 temperer
1448 2917 1520 2967 cum
1545 2918 1613 2966 ccr-

374 3021 436 3086 pne
459 3005 529 3070 cius
552 3005 679 3086 regales
701 3006 862 3074 laniarent
883 3004 1037 3074 ministri:
1061 3005 1207 3088 proiecto
1226 3009 1279 3074 eat
1295 3009 1373 3074 anto
1390 3005 1509 3086 ornum
1528 3022 1614 3087 aqua

374 3110 474 3175 mixta
497 3111 666 3192 sanguine:
690 3111 746 3192 qui
765 3109 805 3177 de
822 3111 1009 3183 efficacibus
1026 3111 1115 3178 beati
1134 3109 1286 3193 martyrio
1304 3109 1451 3178 fluxerat.
1495 3109 1612 3178 Trana·
1642 3127 1666 3174 n

373 3216 444 3280 iens
471 3217 583 3298 itaque
613 3219 690 3282 aute
713 3215 831 3281 ostium
855 3217 985 3300 qnidam
1009 3235 1105 3285 cecna
1128 3233 1206 3284 casu
1228 3215 1402 3299 prolapsus
1424 3216 1465 3280 ad
1488 3215 1612 3282 lecum:

372 3323 427 3402 qui
451 3321 557 3388 adhuc
580 3339 665 3402 aqna
685 3319 807 3388 iniecta
829 3322 983 3404 sangnine
1007 3323 1173 3392 madebat:
1197 3337 1335 3404 cumque
1358 3321 1480 3402 digitos
1500 3319 1614 3388 made-

372 3426 479 3492 ioctca
501 3427 616 3492 oedem
639 3445 725 3509 aqua
746 3427 789 3492 ad
811 3428 922 3494 oculos
946 3445 1026 3494 auos
1049 3428 1251 3496 reduxisset:
1274 3426 1362 3496 illico
1381 3425 1513 3496 catena
1532 3425 1611 3496 cali·

372 3531 448 3613 gine
470 3530 578 3597 lumen
601 3531 771 3615 pristinum
794 3535 931 3615 recepit.
975 3533 1038 3613 Qui
1066 3534 1194 3624 certina,
1209 3533 1380 3614 explorans
1401 3530 1611 3600 miraculum:

372 3653 408 3701 ec
426 3655 496 3718 ‚per
523 3635 614 3703 beati
640 3641 790 3722 martyria
818 3639 904 3706 claui
931 3638 1082 3705 meritum
1109 3639 1216 3707 visum
1237 3638 1404 3719 recepiaeo
1426 3635 1611 3716 cognoscit:
1642 3651 1667 3696 ec

370 3741 549 3808 undenum
578 3743 653 3826 ipso
683 3761 796 3811 omnea
824 3744 996 3810 audientes
1017 3743 1209 3810 miraculum
1231 3741 1373 3810 diuinam
1396 3740 1557 3824 manem
1580 3744 1614 3807 et

371 3847 522 3929 martyria
542 3849 693 3916 meritum
717 3849 824 3931 dignis
847 3849 990 3916 extulere
1010 3847 1188 3931 preconiis.
1207 3855 1209 3862 ’

341 3993 345 4002 ·
453 3959 537 4038 Beep.
581 3962 645 4022 Rex
681 3963 815 4038 inclytus
848 3961 955 4022 olonna
985 3967 1100 4038 martyr·
1132 3961 1248 4020 domini
1276 3963 1438 4038 preciosus
1469 3959 1611 4020 claritate

371 4067 561 4127 confortatus
585 4062 688 4127 dinine
711 4069 839 4128 visionis
863 4067 1003 4126 exultans
1027 4065 1161 4126 accessit
1181 4066 1220 4126 ad
1240 4067 1341 4129 locam
1360 4065 1523 4144 passionis.
1570 4064 1611 4122 Et

368 4189 425 4248 per
448 4171 627 4233 effusionem
650 4175 807 4250 anguinis
828 4175 972 4250 peruenit
993 4173 1033 4232 sd
1054 4173 1186 4250 palmam
1209 4175 1314 4254 starem
1335 4169 1549 4231 raecedit-tic.
1641 4171 1666 4219 ³⁵

451 4294 519 4337 cers.
563 4279 660 4339 Felici
682 4279 859 4339 commertio
880 4295 937 4354 pro
958 4279 1416 4354 colestirsgnnmeommntana
1435 4279 1609 4337 umnec:

313 4378 317 4383 ’
367 4399 470 4458 regem
492 4403 547 4442 rex
568 4384 653 4444 videt
677 4386 709 4442 in
733 4384 845 4443 decore
874 4399 945 4443 auo:
980 4387 1011 4442 et
1042 4385 1073 4442 in
1107 4383 1234 4442 salutari
1260 4383 1349 4458 regia*
1372 4397 1482 4455 magna
1511 4379 1612 4456 &oria

366 4491 460 4566 regia.
546 4489 587 4548 Et
608 4507 664 4566 par
686 4481 874 4550 affationem.

380 4627 382 4632 -
446 4571 499 4669 pa.
543 4587 590 4652 Tc
608 4586 717 4652 deum.

450 4719 518 4760 ocra.
562 4699 684 4761 (lerona
705 4719 807 4760 aurea.
