3524 5424
303 397 469 458 menoare
486 407 534 458 DE
551 399 790 462 emmennone
806 399 930 458 RBGUH
948 399 1262 464 noswaomnstnnt.
1360 411 1398 478 19

167 589 322 656 dabantur
343 603 545 673 responsaa
572 590 787 668 demeritum
820 588 898 656 illue
932 596 967 656 et
998 591 1111 658 Heron
1145 603 1400 678 congregaverat

166 693 401 762 multitudinem
422 695 590 762 idolorum.
635 695 715 761 lllnc
738 712 815 775 ergo
839 713 894 760 rex
920 695 1094 762 adveniens
1116 698 1263 766 invitavit
1291 703 1332 766 ad
1363 721 1399 768 se

166 815 273 864 omnes
293 799 376 880 illos,
401 803 455 884 qui
478 800 610 868 arctiori
638 799 765 866 vinculo
796 798 1029 868 diabolicarum
1051 800 1248 873 lalsitatum¹
1280 805 1398 874 irretiti

163 901 289 968 luerent
316 910 350 970 et
377 905 500 984 uulgari
523 904 685 970 locutione
719 905 870 969 dicuntur
902 903 1126 986 sciremus,
1154 913 1189 972 et
1218 909 1294 990 quia
1324 911 1398 976 illos

121 1021 134 1066 ⁵
164 1009 328 1092 perspexit
350 1009 558 1090 insanabiles,
580 1029 623 1076 ne
643 1007 779 1077 novellae
790 1007 986 1088 plantationi
1003 1016 1168 1092 nocerent,
1188 1013 1343 1080 collectos
1366 1015 1398 1081 in

163 1114 289 1180 domurn
311 1115 511 1180 demonibus
533 1115 715 1180 dedicatam
737 1132 801 1178 una
824 1131 897 1178 eum
925 1111 1131 1180 simulachris
1153 1116 1235 1197 igni’
1261 1124 1399 1198 cremari

159 1219 269 1300 jussit3
323 1237 460 1302 quornm
501 1219 605 1284 luisse
648 1217 756 1284 ierant
798 1235 966 1284 numerum
1010 1221 1178 1302 octoginta
1220 1224 1399 1304 promiscui

162 1342 264 1390 sexus.

209 1573 287 1658 Gap.
311 1575 381 1642 XII.
432 1575 524 1654 Quod
546 1575 725 1658 Hyslandia
744 1575 839 1640 fidem
864 1573 983 1640 Christi
1006 1577 1169 1660 receperit
1190 1599 1250 1662 per
1273 1581 1343 1663 ejns

680 1680 876 1747 instantiam.
969 1725 973 1734 ·

103 1899 129 1944 10
241 1866 333 1930 Anno
357 1865 475 1932 deinde
498 1871 663 1931 mansaetn
683 1864 771 1930 misit
801 1881 859 1928 res
891 1864 1141 1934 Theobrondnnr
1171 1871 1398 1952 presbyterum

158 1971 189 2035 in
209 1971 388 2036 islandiam
412 1969 592 2052 praedicare
614 1971 746 2035 verbnm
769 1967 840 2047 Dei,
864 1987 959 2050 qnam
983 1987 1042 2035 nos
1076 1975 1225 2054 superius
1259 1969 1396 2041 diximus

159 2075 395 2157 aquibnsdam
416 2075 569 2140 aestimari
590 2073 668 2156 Tyle
690 2073 827 2139 insulam
856 2080 992 2157 propter
1023 2076 1180 2157 quasdam
1210 2075 1396 2146 similitudi-

157 2198 213 2246 nes
235 2182 440 2262 maximeqne
464 2180 540 2262 qnia
560 2179 769 2244 continuatur
791 2181 861 2246 dies
882 2181 969 2244 circa
991 2180 1168 2246 solstitium
1192 2185 1339 2249 estivale
1363 2193 1397 2250 et

157 2285 333 2351 identidem
368 2282 447 2350 raoni
470 2286 556 2350 circa
585 2285 742 2350 brumale.
796 2285 860 2362 Qui
895 2301 966 2348 eum
999 2285 1076 2350 illae
1107 2288 1263 2369 venisset,
1287 2293 1397 2372 eoepit

239 2529 302 2580 ¹11.
320 2529 459 2580 falsitatem
476 2531 506 2582 A.
526 2530 624 2606 salsitas
643 2529 669 2579 S.
719 2528 802 2584 ’ΔΚ
821 2531 879 2592 igne
898 2529 924 2583 S.
960 2527 1072 2579 ³induat
1090 2531 1118 2580 as
1133 2524 1222 2586 euhmss
1239 2533 1301 2596 mgl.
1319 2533 1397 2588 ΛΚΒ.

153 2794 197 2850 to:
242 2792 345 2850 Hovet
366 2789 553 2864 vanhelligas
576 2807 635 2865 paa
656 2789 770 2846 Maere
794 2782 879 2860 (Ode
901 2787 975 2864 Cep.
999 2791 1036 2847 41
1062 2785 1117 2862 M.)
1151 2811 1191 2867 og
1225 2792 1389 2870 Seidmoep·

154 2896 229 2955 dene
253 2895 470 2958 indebraendes
494 2913 553 2969 paa
575 2893 764 2952 Nidernes
787 2889 870 2966 (Odd
893 2893 966 2972 Gap.
991 2896 1029 2952 27
1052 2889 1108 2968 Μ.)

236 3003 286 3060 10.
332 3003 421 3060 Anno
445 2999 556 3058 deinde
578 2989 749 3074 transacto]
774 3008 809 3053 9:
833 2999 865 3056 et
886 2999 948 3056 Aer
971 2999 1049 3058 efter
1083 2999 1174 3059 Olane
1197 3003 1396 3080 Regjarings·

152 3106 347 3167 tiltraedelse.

240 3215 288 3269 12.
335 3202 422 3285 Tylo]
436 3210 489 3268 cfr.
503 3209 597 3280 Beda,
611 3208 648 3266 do
660 3212 753 3283 temp.
766 3212 823 3266 rat.
838 3229 862 3266 c.
877 3211 931 3267 31:
949 3209 1140 3280 „Notandum
1154 3213 1238 3290 qood
1251 3213 1288 3272 da
1300 3215 1396 3274 Thule

153 3315 431 3393 scripsitSolinua:
454 3314 704 3389 Thule‚inqnit,
726 3311 870 3384 ultima,
892 3315 928 3372 in
953 3318 1180 3391 quaestivo
1205 3318 1395 3392 solstitio,

153 3422 271 3481 solede
296 3422 398 3478 caneri
420 3418 520 3478 sidere
543 3419 676 3476 faciente
698 3416 870 3489 transitum,
894 3438 967 3476 nox
989 3420 1109 3490 nulla,
1133 3421 1300 3484 brumali
1323 3424 1396 3486 sol·

154 3528 274 3585 stillio
299 3523 468 3602 perinde
490 3523 624 3588 nullus
648 3521 743 3580 dies.
785 3520 875 3594 Quod
893 3523 1011 3584 Plinius
1030 3543 1152 3602 qnoque
1171 3528 1200 3585 in
1224 3527 1303 3587 libro
1328 3532 1395 3588 imo

153 3649 216 3706 non,
235 3631 451 3708 pretermisit:
474 3627 596 3699 Ultima,
618 3628 771 3703 inquiens,
791 3627 922 3684 omniurn
942 3647 1008 3703 qum
1020 3633 1341 3708 memorantanhnle,
1363 3637 1395 3692 in

154 3753 212 3810 qna
232 3735 371 3794 solstitio
390 3733 490 3792 nullas
503 3751 573 3790 esse
596 3735 702 3790 noctes
724 3730 923 3790 indicavimus
948 3736 1049 3792 caneri
1071 3736 1190 3811 signum
1213 3739 1277 3796 sole
1296 3743 1395 3798 trans-

153 3845 243 3898 eunte
266 3839 432 3915 nollosqne
456 3842 564 3899 eontra
586 3856 643 3912 per
663 3836 800 3894 brumam
823 3835 901 3894 dies.
944 3837 1009 3898 Hoc
1042 3840 1164 3915 quidem
1197 3844 1280 3900 serris
1314 3863 1395 3902 aneu-

153 3944 236 4004 aibus
265 3944 335 4004 fieri
357 3938 577 4002 arbitrentur“.
622 3940 683 3999 cfr.
706 3959 803 4016 ogsaa
823 3940 1015 4000 Landnr'amas
1034 3943 1161 4021 Prolog:
1206 3926 1392 4006 I'aldatars-

151 4049 212 4108 bak
234 4049 332 4124 peirri
356 4067 390 4106 er
411 4046 497 4106 Beda
519 4051 621 4121 presta
642 4045 760 4120 heilagr
780 4045 864 4120 gordi
886 4065 919 4103 er
938 4050 1015 4122 getit
1038 4049 1162 4123 eplanda
1186 4050 1256 4124 pens
1281 4070 1315 4109 er
1336 4051 1393 4110 Tili

152 4153 244 4216 heitir
266 4153 309 4216 olr
332 4156 349 4214 rt
370 4153 484 4211 bonum
506 4171 538 4210 er
568 4154 637 4226 aagt
669 4154 701 4208 at
732 4150 807 4225 liggi
835 4167 869 4208 vu
902 4150 1005 4226 daegra
1037 4153 1150 4230 sigling
1181 4155 1192 4213 i
1223 4155 1315 4214 nordr
1346 4157 1394 4216 fri

152 4259 331 4330 Bretlaudi;
354 4257 409 4330 par
429 4255 603 4331 sagdihann
617 4255 677 4328 eigi
693 4253 855 4330 komadag
877 4255 895 4310 ἀ
917 4260 985 4312 vetr
1007 4256 1046 4314 olr
1070 4259 1129 4332 sigi
1150 4259 1219 4317 nott
1241 4260 1260 4317 a
1282 4279 1393 4333 sumar,

153 4361 191 4437 pta
212 4384 247 4422 er
270 4363 349 4436 degn·
372 4381 405 4420 ar
427 4380 491 4418 sem
512 4360 639 4433 lengstr.
683 4358 730 4416 Til
763 4357 834 4432 pass
868 4359 938 4421 aetla
970 4362 1057 4420 vitrir
1080 4382 1168 4420 menn
1191 4363 1243 4436 par
1264 4364 1339 4436 haft,
1363 4369 1395 4422 at

153 4449 257 4550 laland
282 4466 318 4526 se
340 4465 398 4524 Tili
420 4465 525 4535 lrallat,
550 4468 582 4522 et
602 4462 656 4536 par
678 4481 711 4520 ar
734 4461 798 4521 villa
821 4463 838 4520 s
858 4463 985 4525 landiau
1008 4485 1041 4522 er
1071 4467 1118 4527 scil
1141 4466 1209 4526 skin
1238 4487 1287 4526 um
1314 4474 1394 4528 naetr

153 4570 191 4644 pri
212 4591 247 4630 er
270 4570 349 4642 dagr
372 4587 405 4626 er
427 4567 640 4644 sem-leugam,
662 4586 699 4624 en
722 4566 774 4641 irat
795 4586 829 4626 er
851 4566 916 4624 vida
935 4587 985 4626 nm
1016 4569 1095 4644 dage
1117 4591 1150 4630 er
1184 4572 1230 4630 sdl
1253 4574 1305 4630 adr
1335 4574 1395 4648 aigi
1448 4558 1451 4564 ¹

154 4673 191 4750 pia
212 4694 247 4733 er
268 4674 340 4732 nott
363 4693 396 4730 er
418 4691 480 4730 sem
501 4671 612 4747 lengst.

1207 4753 1243 4818 2*
