3448 5428
1287 428 1377 500 cni.

114 639 277 699 procerum
307 618 362 680 lux
393 619 539 696 noroegie
573 617 750 696 gemmaque
782 619 880 678 totins
912 619 1032 696 patrie:
1071 622 1126 678 tna
1159 621 1352 680 santissimo

116 746 209 802 prece
230 745 287 808 pro
310 725 400 784 nobis
421 725 637 802 peccatoribus
660 725 818 800 propicius
838 723 1005 782 intercede.

200 841 255 888 ant.
299 830 414 888 Beatus
435 831 483 887 vir
505 830 612 888 clauus
635 828 829 896 talentorum.
851 837 879 886 vt
898 847 984 902 scptu
1006 847 1051 887 on.
1073 830 1128 902 viri.

168 914 255 1010 ‘uasat
300 933 400 992 Oorde
428 938 460 992 at
488 953 542 992 ore
570 933 733 995 laudemus
760 933 877 1008 perdiss-
898 936 1073 991 sanctornm
1095 933 1352 992 sanctificatorem

69 1056 82 1098 5
115 1037 283 1098 domitium:
319 1040 372 1114 'qni
398 1039 431 1095 in
460 1040 576 1096 sanctis
605 1039 672 1096 nie·
690 1053 817 1112 semper
835 1041 892 1096 est
904 1037 1054 1096 mirabilis
1077 1039 1189 1114 quique
1214 1043 1353 1106 nanctum

114 1159 219 1218 regom
252 1143 374 1202 sianum
405 1146 579 1218 mertrrem·
601 1142 807 1202 venerandum
835 1141 937 1216 gioria
965 1146 996 1199 st
1017 1141 1134 1200 honore
1154 1147 1350 1210 coronatam:

112 1247 161 1306 his
184 1248 275 1306 terris
298 1248 457 1306 transtulit
478 1266 537 1322 per
558 1248 734 1322 martyrium
757 1245 943 1306 aecclesiis
965 1248 1053 1322 regni
1075 1247 1239 1323 palacium:
1264 1251 1351 1310 cuins
1382 1293 1390 1308 .

92 1354 215 1410 'anime
237 1353 460 1411 virtuosissime
487 1352 519 1408 in
548 1351 622 1409 celis
650 1350 822 1410 sublimitas·
840 1354 988 1410 coronata
1001 1351 1098 1415 nobis
1122 1351 1220 1410 solita
1237 1369 1351 1428 queso?

114 1475 181 1514 mus
205 1455 370 1531 amplificet
393 1455 546 1531 suffragia.
656 1497 658 1506 ι

54 1576 82 1620 10
199 1570 257 1620 ant.
310 1560 375 1619 Nos
397 1561 519 1635 pariter
537 1561 639 1618 cuncti
659 1559 774 1619 denoto
795 1564 921 1635 pectore
943 1560 1053 1627 innotis

309 1665 408 1722 tribus
430 1667 573 1741 petronis
595 1665 718 1722 landem·
738 1681 916 1722 resonemus
938 1665 969 1722 in
992 1665 1127 1740 hymnica

245 1841 247 1846 ,
303 1744 342 1826 ¹in
363 1775 424 1827 tem
446 1771 587 1845 preclara
606 1769 714 1828 'festini
735 1771 883 1844 temporis
903 1768 1015 1826 borar.

311 1891 401 1950 qoam
421 1875 538 1932 meritis
562 1873 652 1931 dinus
675 1889 789 1931 summe
809 1874 937 1932 virtutis
955 1873 1063 1932 cianus
1121 1890 1125 1898 ’

309 1979 359 2036 hic
380 1983 494 2053 martyr
517 1977 630 2036 domini
654 1981 778 2036 sanctus
802 1977 858 2036 sub
880 1975 996 2036 honore
1018 1983 1148 2055 perenni

310 2083 433 2141 extulit:
457 2084 581 2158 egregio
603 2083 721 2140 victrici
742 2082 832 2140 laude
852 2082 1009 2158 triumpho

310 2187 380 2246 dnm
402 2190 633 2263 periermenias
655 2186 713 2243 celi
735 2185 914 2243 conscendis
934 2187 975 2244 ad
998 2187 1075 2246 olto:

311 2311 370 2367 quo
393 2311 473 2349 nnnc
497 2309 564 2348 cum
587 2290 701 2350 christo
723 2289 897 2348 dominatur
918 2291 985 2348 iure
1006 2292 1134 2350 bassio:¹

310 2395 485 2455 criminibus
509 2395 612 2452 solues
636 2394 692 2452 sed
713 2393 752 2462 ob
775 2392 833 2452 hoc
854 2399 891 2451 ts·
908 2397 1063 2470 poscimus
1088 2413 1211 2454 omnes:¹

257 2509 262 2520 “
309 2519 327 2558 o
349 2501 396 2558 vir
418 2504 522 2557 sancte
546 2499 596 2557 dei
618 2498 705 2556 miles
727 2498 894 2555 fortissime
918 2498 1038 2557 christi:

309 2607 342 2662 vt
364 2605 406 2662 sis
429 2607 577 2678 petronus
599 2607 706 2662 noster
728 2602 801 2662 sine,
815 2603 1049 2680 finszhonigons
1071 2650 1074 2660 ,

307 2707 439 2765 fundens
460 2712 532 2764 vota
554 2727 680 2783 precum
701 2727 757 2782 pro
781 2707 869 2764 nobis
892 2727 972 2766 nunc
995 2712 1026 2766 ct
1047 2709 1078 2766 in
1102 2727 1200 2766 enum.

198 2821 254 2869 ant.
299 2811 397 2870 Hodie
426 2811 578 2886 gloriosus
606 2815 695 2886 pater
726 2811 833 2869 clauus
862 2811 1013 2870 dissoluta
1041 2813 1131 2871 huius
1151 2812 1349 2871 habitationis

113 2915 205 2974 domo
239 2915 360 2974 domurn
391 2933 452 2976 non
485 2915 688 2972 manufactam
719 2917 850 2990 accepit
864 2917 898 2973 in
929 2917 1018 2975 celin:
1049 2922 1138 2992 qnam
1160 2919 1219 2976 sibi
1242 2937 1352 2994 coope-

111 3024 202 3078 rantc
242 3021 293 3078 dei
329 3020 428 3096 gratia
462 3037 552 3076 manu
584 3018 690 3094 lingna
721 3017 885 3077 fabrefecit
916 3019 947 3076 in
980 3023 1071 3078 terris
1105 3021 1155 3080 vbi
1189 3023 1263 3098 quid
1293 3025 1353 3080 iem

50 3143 79 3188 so
113 3127 215 3184 sitiuit
247 3126 400 3182 internum
434 3125 537 3198 gustui
570 3125 725 3180 eternum:
760 3121 922 3181 decoratus
954 3143 1012 3181 rna
1045 3125 1125 3184 stola
1154 3146 1281 3185 securus
1313 3126 1351 3184 de

112 3229 243 3304 reliqna.
1210 3300 1212 3305 Ι

199 3341 256 3390 ant.
299 3331 476 3389 Exultemns
509 3349 612 3388 omnes
645 3332 677 3388 in
712 3329 770 3388 deo
803 3331 930 3390 salutari
958 3336 1066 3391 nostro
1095 3335 1147 3408 qui
1171 3334 1352 3394 recordatus

112 3437 323 3495 misericordie
358 3455 411 3492 sne
445 3436 584 3510 suscepit·
615 3437 754 3492 sanctum
787 3453 873 3492 soum
901 3453 1002 3510 regem
1025 3437 1145 3496 clauum
1167 3441 1198 3496 in
1222 3440 1351 3514 collegio

112 3543 280 3615 martyrum
311 3558 401 3616 quem
432 3557 574 3615 rogemus
608 3557 712 3598 omncs
742 3541 776 3596 vt
803 3556 860 3614 pro
887 3538 975 3600 nobie
998 3541 1099 3622 ipsum
1122 3561 1224 3621 regom
1247 3561 1352 3618 regum

50 3628 79 3704 so
114 3664 239 3720 sempor
261 3645 487 3700 exorationum
510 3643 666 3701 christum.
732 3704 735 3712 ,

509 3807 614 3874 Tertio
639 3807 688 3874 die
714 3805 758 3874 od
780 3808 963 3876 matutinos.
1029 3824 1032 3833 ’

171 3961 395 4034 ,laciniosam
440 3960 570 4035 Magnus
594 3961 744 4019 dominns.
790 3957 841 4032 [=
865 3981 896 4036 p.
921 3935 1063 4035 231²²b

200 4067 352 4123 nodosius.
396 4065 541 4122 Posuisti.
907 4111 911 4118 .
1062 4137 1063 4140 Ἴ

202 4161 309 4226 Lectio
326 4162 351 4240 j.
391 4148 500 4226 'Pueri
513 4160 676 4225 cuiusdam
697 4159 780 4224 falso
799 4161 940 4240 impetiti
960 4156 1108 4226 erimine:
1131 4167 1167 4225 vt
1189 4181 1269 4242 sepe
1289 4162 1353 4228 fert
1428 4149 1441 4180 ²
1472 4151 1475 4158 ’

48 4283 79 4328 aa
114 4267 225 4338 iustus
244 4267 366 4328 crimen
384 4265 486 4345 iniqui
503 4264 614 4344 lingna
631 4265 757 4329 abscisa
774 4269 842 4342 estc
861 4265 917 4330 bic
936 4264 1023 4331 ieme
1044 4263 1271 4332 nnacnomm
1290 4284 1353 4346 que

113 4389 175 4451 per
186 4369 289 4436 sancti
302 4368 515 4435 ciani-merita
528 4367 598 4432 fieri
609 4367 797 4448 frsqnenter
807 4369 979 4437 audiuerat
998 4368 1157 4445 excitatns
1176 4368 1352 4435 admemo-

113 4475 197 4538 riam
209 4472 360 4552 martyris
377 4472 479 4536 venit:
503 4476 651 4536 sanctum
669 4473 777 4537 inuitis
790 4471 1215 4552 efflagitatiecbn'micaitis
1238 4477 1353 4542 excrst

113 4575 306 4670 gemitibus:
336 4580 371 4639 vt
391 4575 545 4656 loquendi
568 4573 709 4642 officiam
734 4577 824 4655 qued
843 4576 963 4642 iniosts
984 4575 1180 4655 perdiderat
1204 4589 1262 4643 sne
1287 4575 1351 4638 sibi

114 4679 272 4746 restituat
303 4682 504 4748 intumentia
547 4679 680 4744 Factum
712 4685 767 4746 ost
789 4685 824 4744 vt
849 4681 908 4762 nui
933 4681 984 4746 nd.
1004 4678 1216 4834 mouinbrfiom
1244 4678 1351 4770 sancti
