3448 5428
1300 431 1362 494 265

124 619 223 683 lesus
246 616 406 696 obrimus,
435 621 534 698 atque
563 616 614 682 his
642 616 750 682 verbis
781 634 854 679 eum
882 615 1020 682 soletur:
1051 609 1143 693 Veni,
1168 611 1286 680 dilecte
1309 613 1363 694 mi,

126 722 237 804 decipe
260 722 429 800 coronam3
462 739 558 802 quam
584 720 645 786 tibi
671 720 854 802 praeparavi
876 721 909 786 in
931 721 1098 786 aeternum.
1144 718 1215 796 Qua
1237 717 1363 784 risione

125 825 336 906 consortitos,
372 825 525 908 martyrio
553 845 589 891 sc
616 826 710 890 laetus
739 825 868 906 obtulit,
895 826 962 907 jam
996 824 1151 890 divinitus
1180 823 1363 904 agnoscens

125 932 244 999 scalam
279 931 340 996 sibi
373 930 415 996 ad
449 930 550 996 coelos
580 930 731 1010 erectam,
762 949 857 1011 quum
887 948 992 1012 nuper
1019 930 1052 994 in
1080 929 1201 994 somnis
1228 928 1363 1006 viderat,

78 1046 92 1092 ⁵
125 1055 302 1120 perquam
334 1036 374 1100 ed
401 1053 549 1117 magnam
571 1034 660 1100 illam
683 1035 922 1100 multitudinem
948 1033 1129 1100 dulcedinis
1153 1033 1270 1098 divinae
1292 1032 1363 1097 leli·

126 1142 208 1208 citer
239 1144 310 1206 erat
344 1141 548 1206 ascensurus,
591 1141 684 1204 Auno
714 1140 814 1221 igitur
842 1139 973 1205 Domini
1004 1137 1175 1204 millesimo
1204 1136 1371 1218 vigesimo

126 1245 253 1326 octdvo,
287 1265 346 1327 per
381 1246 538 1327 quosdam
573 1245 770 1311 domesticos
802 1245 951 1310 homines
980 1244 1157 1325 improbos,
1190 1262 1209 1308 e
1239 1241 1364 1307 conum

126 1353 215 1434 Rege
236 1350 375 1433 pecdnia
397 1349 579 1431 corruptos,
603 1350 791 1432 oppressus,
825 1351 865 1414 dc
894 1349 1013 1414 castris
1041 1348 1082 1413 nd
1106 1346 1229 1429 palatia
1252 1347 1366 1412 aeterni

125 1456 235 1538 Regis,
270 1461 304 1522 et
337 1454 487 1521 debello
518 1454 670 1537 migravit
690 1455 730 1519 ad
752 1473 876 1536 pacem.
922 1453 1021 1537 Cujus
1046 1452 1254 1520 sanctitttem
1275 1453 1364 1518 Dens

66 1567 94 1612 m
127 1565 363 1646 postmortem
388 1561 458 1644 ejus
482 1561 593 1626 multis
618 1559 797 1626 declaravit
819 1559 993 1626 miraculis.

212 1675 295 1750 Reop.
341 1673 427 1733 Stolo
445 1674 656 1749 iucundittlis.

570 1885 611 1950 Io
633 1887 726 1950 tertio
747 1885 920 1952 Nocturna.

216 2037 328 2103 Lectio
352 2036 457 2101 sancti
480 2035 647 2118 Evangelii
671 2037 850 2102 secundum
873 2037 1075 2103 Matthaeum.

215 2142 250 2207 L.
274 2141 422 2206 VII—IX
446 2141 640 2222 (udelades).

217 2257 264 2314 Ad
284 2255 445 2314 Benedictus
467 2264 523 2312 unt.
566 2253 719 2330 Egressus
743 2282 783 2292 ·-
806 2254 925 2313 fructus
948 2275 987 2298 =
1009 2273 1039 2330 p.
1065 2253 1237 2313 23617-20,

641 2448 682 2513 Io
704 2449 739 2530 ἐφ’.
770 2446 860 2530 Vesp.

217 2609 265 2669 Ad
285 2611 443 2685 Mupnrjdcot
463 2618 519 2667 ont.
564 2607 662 2667 Hodie
686 2599 866 2668 -omnem
889 2628 1011 2668 sensum
1035 2631 1073 2653 =
1097 2629 1127 2684 p.
1152 2602 1323 2667 2381345.

380 3327 413 3392 F.
460 3326 522 3390 Fra
545 3325 812 3392 BREVIARIUM
836 3325 1129 3392 SLESVIGENSE.

288 3510 342 3576 De
362 3531 388 3576 a.
416 3510 516 3575 otono
537 3515 636 3574 totum
655 3511 694 3574 de
714 3530 779 3574 ooo
802 3509 951 3594 Mortpre
974 3509 1039 3574 IX.
1065 3510 1223 3576 lectiones.

68 3692 98 3736 20
223 3673 289 3730 donc.
333 3670 416 3728 Deus
439 3697 479 3710 -
502 3671 662 3746 pervenire
686 3689 725 3716 ==
746 3689 776 3746 p.
801 3669 975 3730 wls-ta,

221 3768 330 3833 Lectio
348 3767 467 3848 priona
514 3766 683 3832 Gloriosus
706 3785 763 3832 rex
786 3767 898 3833 olavus
921 3767 963 3833 ad
983 3765 1080 3833 fidem
1104 3769 1273 3833 christiin
1302 3786 1377 3849 ang-

133 3876 181 3941 lia
204 3879 254 3940 est
276 3889 466 3938 conversus:
490 3871 553 3937 Sed
576 3871 760 3952 rothomagi
782 3872 979 3954 baptismum
999 3875 1133 3955 sucepit.
1180 3873 1241 3952 Qui
1265 3873 1376 3938 statim

134 3979 262 4048 fervore
284 3975 361 4042 fidei
385 3976 601 4059 apostolicum
625 3993 756 4041 sumens
781 3974 932 4056 officium,
953 3976 1050 4043 fidem
1073 3979 1193 4044 Christi
1218 3981 1250 4043 in
1275 3979 1377 4044 diver-

136 4083 184 4151 sis
205 4082 353 4165 partibus
382 4081 578 4163 predicavit:
608 4081 876 4148 innumerabilem
905 4083 1143 4148 multitudinem
1174 4083 1303 4149 domino
1327 4103 1378 4150 ac·

68 4211 100 4258 ae
137 4185 279 4270 quisivit.
326 4185 389 4252 Sed
421 4205 438 4252 e
469 4204 623 4252 converso
652 4187 685 4250 in
716 4204 818 4268 regno
840 4187 1001 4269 Norvegie
1025 4206 1045 4252 a
1066 4187 1259 4270 quibusdam
1283 4188 1377 4253 malis

135 4289 256 4356 multas
278 4291 415 4372 pertulit
440 4291 691 4358 tribulationes:
721 4292 823 4356 donec
854 4309 963 4358 eorum
996 4293 1196 4358 multitudini
1222 4293 1378 4358 resistere

135 4411 203 4462 non
234 4393 362 4462 valens:
398 4395 536 4461 secessit
568 4397 615 4461 eis
649 4397 781 4462 ruciam.
835 4395 899 4470 Ubi
930 4415 949 4462 a
977 4415 1055 4479 rege
1091 4397 1179 4462 illius
1212 4397 1378 4478 provincie
1409 4448 1413 4456 .

135 4497 314 4566 honorifice
337 4503 388 4565 est
408 4504 560 4582 receptus
584 4506 618 4566 et
638 4520 699 4584 per
720 4505 848 4581 tempus
872 4499 1004 4582 aliquod
1026 4502 1070 4567 ibi
1094 4503 1222 4568 mansit.

223 4603 331 4668 Lectio
351 4603 386 4686 ij.
431 4604 558 4670 Deinde
581 4604 689 4671 divino
712 4606 870 4670 instinctu
892 4625 952 4688 per
976 4607 1090 4673 Specie
1119 4605 1201 4672 fines
1231 4606 1378 4673 rediens:

68 4731 102 4778 eo
140 4708 261 4790 objecit
293 4725 330 4775 se
363 4714 480 4790 sponte
512 4709 677 4792 periculis,
712 4717 847 4792 paratus
880 4711 988 4778 subire
1022 4711 1210 4794 martyrium
1244 4717 1381 4796 propter
