3448 5428
363 411 427 488 all

365 624 449 686 cere,
472 609 509 671 ut
526 603 754 688 plenissimam
772 608 806 669 et
825 599 1181 687 superhabundantem¹
1204 595 1351 688 laborum
1370 615 1504 670 suoram
1523 615 1604 668 mer·

366 711 478 778 cedem
500 711 671 791 reciperet,
696 714 729 774 et
752 709 873 789 Regem
899 711 965 775 Rex
988 710 1114 776 rideret
1135 710 1168 776 io
1192 709 1311 774 decore
1333 727 1402 774 suo.
1448 709 1528 774 Erat
1550 727 1605 773 au·

365 824 431 884 tem
453 815 596 898 quaedam
627 833 702 896 pars
726 813 828 897 [illius
850 813 971 893 terrae²,
1000 816 1032 880 in
1055 834 1119 898 qva
1139 815 1236 880 modo
1260 815 1515 881 sacratissimum
1540 833 1606 880 cor-

364 941 426 1005 pus
457 921 526 1004 ejus
554 920 740 1001 reqviescit,
771 919 861 1002 cujus
888 918 1002 985 iucolae
1032 921 1173 985 indurati
1198 925 1233 984 et
1253 921 1437 1002 pertinaces
1459 920 1492 985 in
1516 921 1605 985 mali·

364 1029 412 1094 tia
434 1045 502 1105 sua,
524 1026 674 1092 veritatis
697 1029 731 1090 et
753 1024 827 1089 ideo
849 1023 948 1105 Regis
971 1025 1085 1090 hostes
1111 1030 1204 1090 erant
1227 1024 1421 1090 exorabiles.
1465 1025 1501 1089 In
1526 1025 1606 1090 banc
1651 1031 1661 1076 f»

365 1133 454 1199 venit
475 1129 675 1213 provinciam
700 1127 820 1194 Christi
853 1135 984 1211 martyr,
1017 1130 1117 1196 forta³
1150 1131 1211 1194 Dei
1240 1129 1377 1211 gratiam
1406 1125 1539 1212 populis
1561 1131 1607 1194 in·

367 1237 509 1304 credidis
537 1235 783 1318 praedicaturus.
840 1234 908 1313 Qvo
936 1241 1103 1317 comperto
1132 1234 1280 1300 veritatis
1308 1234 1421 1300 hostes
1452 1252 1607 1299 convoca-

364 1347 482 1410 verunt
513 1339 685 1408 concilium
718 1340 897 1421 iniquitatis
932 1346 966 1405 et
999 1345 1221 1407 convenerunt
1250 1341 1282 1405 in
1317 1359 1415 1404 unum
1449 1339 1607 1404 adversus

365 1447 541 1516 Dominum
575 1452 611 1512 et
643 1445 798 1510 adeamus
821 1444 986 1510 Christum
1015 1445 1095 1528 ejus.
1141 1443 1252 1528 ⁴[Erat
1277 1463 1414 1526 namque
1438 1443 1610 1509 salutifera

367 1554 452 1638 ejus⁵
472 1551 663 1636 predicatio
688 1550 781 1634 [ipsis
801 1555 835 1615 et
857 1551 1009 1632 operibus
1034 1549 1162 1618 eorum⁶
1182 1550 1275 1616 valde
1297 1550 1468 1615 contraria.
1514 1549 1608 1616 Unde
1640 1554 1663 1596 ¹⁰

367 1660 497 1743 qnidam
525 1676 568 1724 ex
597 1657 645 1721 eis
675 1657 842 1738 eujusdam
869 1655 985 1720 Canuti
1014 1655 1086 1738 ejus
1116 1654 1293 1721 adversarii
1323 1655 1512 1721 muneribus
1540 1673 1608 1720 cor·

366 1765 464 1848 rupti,
492 1762 622 1846 quidam
651 1779 726 1826 vero
755 1760 858 1826 solius
881 1760 1013 1825 malitie
1035 1761 1200 1840 instinctu,
1224 1761 1281 1826 sed
1306 1767 1340 1825 et
1360 1779 1476 1825 novam
1501 1760 1609 1840 religi·

367 1886 472 1948 onem,
495 1867 641 1949 paternis
663 1865 802 1931 scilicet⁷
830 1866 956 1946 legibus
982 1867 1186 1946 contrariam,
1217 1864 1381 1947 suscipere
1409 1872 1609 1947 recusantes,

367 1971 517 2038 ordinato
541 1972 685 2038 exercitu
708 1972 741 2035 in
769 1970 841 2036 loco
872 1972 924 2052 qvi
955 1991 1039 2036 nunc
1061 1970 1306 2036 Stiolnstather⁸
1333 1970 1526 2052 appellatur,
1553 1971 1610 2055 [ig-

367 2081 537 2144 norantem
568 2083 602 2142 et
631 2095 650 2141 a
679 2095 739 2142 sua
769 2081 867 2158 gente
895 2076 1129 2157 aliqrantulum
1153 2075 1352 2156 bisantem,
1375 2075 1462 2140 bello
1487 2077 1609 2158 excipi·
1641 2091 1664 2134 re

367 2189 436 2250 unt.
481 2182 545 2248 Sed
573 2182 814 2246 illustrissimus
837 2181 969 2262 Martyr,
1001 2182 1054 2261 qvi
1083 2187 1172 2246 totus
1201 2199 1380 2263 suspensus
1409 2181 1611 2246 incalesce

367 2309 427 2372 per
460 2287 605 2370 martyrii
639 2305 789 2353 coronam
820 2286 896 2350 illuc
922 2286 1123 2366 pervenire¹0
1152 2287 1274 2352 intimis
1297 2285 1507 2350 desiderabat
1529 2304 1611 2368 prm-

369 2393 500 2474 cordiis,
525 2412 544 2458 a
568 2391 653 2458 faeie
688 2391 905 2457 multitudinis
938 2409 1001 2456 non
1037 2391 1154 2455 timuit.
1211 2390 1361 2455 Imminet
1393 2389 1440 2455 illi
1478 2390 1610 2470 bellum,

369 2500 452 2581 qvod
476 2503 603 2564 amator
624 2498 716 2578 pacis
741 2516 875 2562 securus
898 2497 1053 2578 suscepit,
1077 2515 1135 2576 pro
1154 2496 1285 2577 justitia
1305 2500 1339 2559 et
1358 2497 1510 2576 aeqvitate
1531 2513 1611 2576 pug-

367 2609 512 2670 naturus.
556 2603 709 2668 Exercitu
732 2622 879 2684 namqva,
903 2609 1054 2684 qnantum
1085 2602 1117 2665 in
1145 2599 1234 2665 brevi
1257 2600 1375 2682 potuit,
1399 2605 1608 2681 congregato,
1640 2611 1665 2656 2⁰

368 2709 480 2776 obviat
502 2709 649 2774 inimicis.
702 2708 802 2772 Porro
833 2707 999 2784 Dominus,
1027 2707 1077 2788 qvi
1109 2706 1241 2788 Martyri
1278 2723 1337 2770 suc
1370 2723 1429 2787 pro
1464 2723 1527 2786 qvo
1563 2709 1613 2770 tot

368 2831 489 2894 agones
523 2812 712 2894 pertulerat,
747 2813 930 2878 mercedem
965 2812 1102 2877 reddere
1136 2815 1170 2876 et
1205 2809 1340 2891 gloriam
1375 2827 1478 2886 suam,
1516 2829 1611 2890 qvam

369 2919 490 2984 diutius
519 2923 554 2984 et
582 2917 708 3002 avidius
733 2917 870 2996 sitierat,
894 2919 959 2999 jam
985 2917 1128 2981 revelare
1153 2916 1352 2995 decreverat,
1374 2919 1412 2978 ut
1427 2915 1611 2996 gloriosius

369 3041 442 3088 eum
466 3029 648 3101 coronaret,
679 3023 858 3104 iniquorum
878 3023 996 3105 jaculis
1019 3021 1197 3102 gloriosum
1221 3025 1394 3102 martyrem
1418 3022 1612 3086 occumbere

368 3128 524 3210 permisit.
571 3128 731 3192 Occubuit
753 3133 861 3192 summ
885 3132 998 3208 qvarto
1022 3127 1184 3192 Kalendas
1209 3127 1355 3206 Augusti,
1379 3124 1460 3190 feria
1483 3132 1611 3206 quarta,
1643 3134 1667 3178 2⁵

368 3233 543 3299 Millesimo
578 3237 612 3296 et
645 3232 798 3311 vigesimo
830 3240 942 3297 uetare
971 3249 1053 3296 anno
1084 3231 1124 3296 ab
1152 3231 1374 3295 incarnatione
1399 3231 1530 3295 Domini
1556 3249 1612 3312 pro

368 3337 444 3402 fidei
468 3335 667 3415 defensione,
690 3335 730 3400 ab
754 3337 892 3401 inimicis
915 3321 991 3402 fidei
1015 3335 1190 3400 crudeliter
1211 3337 1441 3416 interemptus:
1471 3334 1615 3400 leliciter

369 3442 411 3508 de
431 3441 549 3508 castris
575 3442 614 3506 ad
645 3446 764 3507 aeterne
794 3442 881 3522 regis
911 3442 1042 3522 palatia,
1073 3441 1113 3504 de
1144 3439 1229 3505 bello
1253 3441 1396 3519 migrans
1422 3440 1462 3504 ad
1486 3459 1612 3520 pacem,

369 3566 439 3629 qvae
473 3551 631 3628 exuperat
664 3565 791 3610 omnem
825 3565 964 3626 sensum,
1007 3547 1047 3608 ad
1080 3544 1209 3608 laudem
1249 3550 1282 3609 et
1316 3545 1450 3625 gloriam
1480 3545 1613 3609 Domini

368 3654 471 3719 nostri
495 3651 572 3719 Iesu
595 3649 723 3731 Christi,
754 3651 804 3716 cui
834 3657 885 3714 est
907 3650 1011 3714 bonor
1041 3654 1074 3714 et
1102 3650 1206 3730 gloria
1227 3651 1258 3714 in
1283 3649 1394 3714 secula
1415 3648 1611 3715 seculorum.
1644 3672 1669 3715 so

369 3760 482 3827 amen.

439 3960 719 4025 'Deoperhabentem
738 3961 769 4015 A.
805 3959 864 4016 ²0.
882 3967 956 4012 terrac
974 3957 1044 4012 illiue
1063 3961 1093 4010 Α.
1131 3961 1186 4014 ⁸0.
1204 3959 1306 4012 fortiter
1324 3961 1354 4009 Δ.
1390 3957 1465 4008 ⁴ber
1481 3959 1614 4027 begynder

368 4047 399 4099 L.
417 4048 483 4100 VIII
501 4051 509 4099 i
528 4050 556 4102 G.
610 4051 620 4079 ⁵
643 4051 716 4100 Beati
739 4051 824 4114 itaque
848 4051 966 4116 martyris
989 4049 1121 4098 salutifera
1145 4050 1172 4102 Ο.
1226 4049 1237 4077 ⁰
1260 4065 1344 4098 corum
1369 4048 1488 4113 operibus
1512 4055 1569 4100 erat
1586 4049 1613 4100 (l.

369 4137 426 4188 ²0.
445 4139 496 4188 ruis
515 4138 545 4187 A.
582 4137 773 4188 ‘'Stielastadis
792 4138 819 4188 C.
855 4137 1096 4192 ς’(1.1(ιιια1ιιιιιι1,
1137 4137 1157 4165 ¹⁰
1174 4137 1220 4186 her
1238 4137 1315 4186 endor
1333 4137 1361 4190 C.
