3448 5428
362 315 443 430 ans
521 329 524 336 ’

361 556 531 632 exemplum
560 556 656 615 uncti
685 554 746 615 iob.
797 555 875 614 uon.
892 553 1122 632 'exponesoebot
1149 557 1188 616 ed
1212 557 1439 619 multitudinem
1458 561 1593 618 nimium:

360 681 417 718 nec
441 659 599 736 despectio
623 663 865 738 propinquorum
887 662 1025 720 terrebat
1047 681 1124 721 eum.

445 785 511 824 vcro.
561 765 718 825 Offerebet
745 786 777 824 se
806 769 916 842 sponte
946 767 1105 842 periculis:
1140 769 1315 844 martyrium
1346 771 1505 846 suscipere
1538 789 1594 828 non

360 889 517 930 recusans.
603 871 681 932 Non.

843 1173 884 1237 In
906 1173 941 1256 ij.
963 1178 1116 1239 nocturno
1626 1181 1639 1225 ⁵

445 1410 501 1456 cnr.
546 1397 727 1458 Purificetun
756 1400 851 1474 igitur
876 1401 1000 1478 lauooro
1029 1402 1157 1461 salutm-i
1184 1406 1313 1476 repente
1336 1405 1470 1463 mutatus
1499 1407 1548 1462 est
1567 1404 1596 1460 in

360 1505 451 1562 adum
472 1507 577 1563 virum.
951 1577 956 1590 .

440 1621 507 1682 pc·
537 1601 615 1664 Cum
639 1601 856 1668 inuocatione.
908 1615 913 1624 ·
949 1633 952 1640 ·

335 1753 339 1759 ·
441 1723 498 1770 cot.
543 1713 750 1790 consepultus
775 1715 890 1774 christo
913 1735 969 1792 por
997 1716 1183 1793 baptismum
1212 1718 1244 1776 in
1272 1720 1415 1776 mortem:
1451 1718 1481 1776 in
1515 1718 1598 1776 uoui-
1641 1783 1647 1795 ,

359 1823 423 1877 tate
451 1819 512 1876 vite
540 1817 700 1895 roligionis
729 1837 819 1895 quem
849 1826 1030 1897 susceperat
1055 1821 1300 1898 perfectissimus
1329 1821 1514 1882 obseruator
1541 1839 1598 1882 em·
1632 1837 1655 1881 m

361 1923 498 1982 bulabet.
617 1941 620 1950 ’

437 2042 489 2104 ps.
536 2021 644 2086 Verba
667 2041 748 2087 men.

441 2144 497 2194 ont.
551 2133 686 2195 Oouebet
714 2133 910 2196 vehementer
942 2135 1089 2214 quicquid
1116 2135 1183 2195 fieri
1210 2136 1261 2196 lox
1281 2140 1367 2196 vetet
1389 2136 1498 2198 diuina
1518 2137 1600 2212 quic·

359 2242 433 2318 quid
455 2243 557 2300 autern
579 2241 713 2316 precipit
735 2239 950 2300 ardentissimo
974 2241 1237 2317 complectebatur
1259 2241 1380 2304 effectu.

379 2401 385 2413 ,
438 2359 490 2419 ps.
536 2337 673 2401 Domine
695 2335 845 2402 dominus
868 2341 989 2404 noster.
1631 2376 1653 2420 u

442 2471 509 2512 vera
553 2449 687 2508 Posuisti
711 2449 831 2508 domine
855 2469 959 2527 super.
1395 2522 1399 2528 Ι

659 2545 704 2612 ΙΝ
727 2545 822 2612 dietis
851 2565 991 2630 namque
1012 2547 1139 2628 legibus
1163 2566 1256 2618 suum
1280 2551 1401 2632 cuique
1420 2549 1599 2616 conditioni

356 2653 407 2719 ins
432 2653 620 2732 essignauit.
654 2653 691 2716 In
713 2651 778 2716 illis
802 2653 1069 2735 etiamquantum
1092 2651 1207 2722 liceret
1222 2653 1372 2736 prelatis:
1396 2653 1429 2718 in
1453 2656 1599 2720 subditos

357 2761 391 2822 ct
414 2761 567 2839 quantam
590 2755 729 2823 subiecti
751 2758 969 2842 reuerentiam
994 2776 1071 2840 erga
1098 2759 1243 2839 prelatos
1272 2759 1479 2826 exhiberent:
1503 2753 1600 2826 rectis

355 2862 514 2927 limitibus
536 2863 712 2928 'disereuit
768 2863 818 2927 lbi
860 2863 1122 2930 modestissimus
1155 2867 1189 2928 et
1230 2865 1426 2946 equissimus
1463 2863 1599 2931 arbiter:
1629 2902 1653 2945 20

355 2969 523 3050 supienter
555 2967 765 3034 considerans
796 2967 987 3050 plerumque
1023 2985 1115 3049 reges
1144 2972 1311 3051 potestate
1344 2969 1407 3036 sibi
1447 2988 1601 3036 concessa

354 3072 493 3154 superbe
517 3073 606 3137 abuti
630 3073 663 3136 in
686 3072 851 3137 subditos:
880 3073 988 3154 legum
1011 3073 1118 3154 rigore
1140 3073 1283 3154 regalem
1307 3076 1468 3140 coercuit:
1494 3080 1527 3140 et
1550 3095 1599 3142 re-

355 3177 495 3243 trenuuit
529 3177 705 3242 licentiam.
758 3177 795 3242 In
828 3177 893 3242 illis
925 3178 1051 3258 legibus
1082 3179 1183 3244 claret
1216 3197 1313 3260 quam
1346 3179 1486 3245 deuotus
1523 3199 1600 3260 erga

312 3353 314 3357 ,
356 3282 469 3346 deum:
493 3299 588 3362 quam
612 3271 772 3362 benignus
796 3299 872 3363 erga
895 3284 1074 3364 proximum
1099 3303 1154 3354 rex
1176 3283 1337 3364 gloriosus
1360 3285 1515 3350 extiterit.

438 3389 545 3468 Rops·
567 3395 674 3471 Itaque
700 3395 898 3453 deuotissime
918 3395 1081 3472 perficiens
1095 3395 1226 3456 officium
1240 3372 1446 3474 eunngelistc:
1468 3395 1597 3456 indutus
1629 3431 1652 3475 25

354 3501 451 3560 lorica
479 3498 553 3557 fidei
583 3503 614 3558 et
648 3499 735 3576 galea
768 3499 887 3558 salutis.
944 3500 1101 3560 Circuibnt
1134 3503 1276 3560 ciuitates
1311 3504 1394 3562 vicos
1429 3505 1460 3559 et
1494 3501 1598 3561 villas:

355 3606 521 3666 salutarem
545 3604 714 3663 doctrinam
738 3602 848 3680 vbique
872 3605 1087 3665 disseminans.

440 3729 506 3768 cers.
552 3711 622 3770 Iesu
649 3711 729 3769 bone
760 3714 892 3786 quantos
928 3710 1051 3770 labores
1083 3711 1229 3771 sustinuit
1255 3713 1419 3788 antequam
1449 3712 1599 3789 populum

354 3815 546 3874 incredulum
569 3821 751 3875 conuertere
774 3821 890 3892 posset.
936 3815 996 3874 uir.

419 3911 533 4000 tectio
567 3909 592 3977 v.
648 3913 811 3994 Explicari
851 3912 984 3978 minime
1024 3929 1101 3978 vero
1141 3918 1251 3994 potest
1281 3920 1407 3996 *quanta
1438 3915 1599 3982 beneficis
1628 3944 1654 3988 co

353 4018 471 4083 bertus
504 4021 626 4102 martyr
657 4017 786 4099 populis
821 4017 974 4082 contulit:
1010 4021 1167 4098 qnantum
1200 4019 1322 4100 promit
1355 4020 1431 4084 dum
1464 4014 1596 4101 prefuit.

355 4117 418 4187 Sed
440 4121 507 4192 vite
522 4119 690 4186 {contrarie
711 4137 888 4204 perpessus
910 4126 976 4186 est:
999 4122 1230 4189 tribulationes
1253 4122 1372 4189 multas
1396 4129 1431 4190 et
1453 4125 1598 4190 malaso

355 4226 564 4309 quibusdam:
589 4225 692 4291 donec
714 4226 842 4292 illorum
863 4226 1063 4293 multitudini
1076 4229 1232 4294 resistere
1246 4219 1434 4293 nonsnlens
1457 4230 1599 4294 secessit
1627 4241 1629 4244 ·

354 4332 387 4396 in
409 4332 564 4396 tusciam:
582 4329 685 4396 donec
696 4329 855 4396 voluntati
877 4349 915 4397 ec
931 4331 1104 4412 proposito
1126 4337 1254 4416 tempus
1271 4334 1423 4399 idoneum
1447 4334 1597 4399 dominus

355 4435 502 4501 conterre
537 4435 730 4516 dignaretur.
787 4435 851 4500 Ubi
881 4455 900 4500 a
929 4437 1112 4518 gemellino
1143 4438 1288 4504 eiusdem
1323 4439 1492 4520 prouincio
1519 4457 1597 4520 rege
1627 4464 1652 4510 es

353 4540 522 4622 magnifico
545 4541 693 4621 gloriose.
701 4544 872 4623 susceptus
893 4546 958 4608 est:
983 4542 1185 4623 amplissimo
1198 4560 1328 4624 quoque
1348 4543 1471 4610 honore
1484 4560 1597 4626 quam-

346 4646 410 4717 ·diu
432 4646 629 4722 ibimoram
650 4645 717 4730 egit
745 4645 874 4714 babitus
904 4651 964 4718 est.
1008 4647 1073 4714 ilbi
1101 4665 1166 4718 oon
1185 4664 1287 4729 petuo
1310 4651 1460 4732 tempore
1482 4648 1593 4716 demo·
