3448 5428
1304 391 1382 491 xeor

237 615 273 680 G.
318 615 604 683 BRUDSTYKKE
626 616 682 685 Ar·
703 617 758 682 ΕΤ
781 612 1124 682 HAANDSKREVET
1146 611 1288 678 DANSK

621 721 898 787 BREVIARIUM.

232 879 296 951 „Ex
327 880 403 940 folio
438 883 569 958 quodam
601 900 798 957 pergameno,
833 880 915 958 quod
944 901 980 938 ex
1009 878 1088 938 libro
1116 881 1148 938 in
1179 880 1286 955 mojori
1309 879 1383 938 folio

144 969 329 1062 disruptum,
361 989 393 1045 in
422 987 520 1045 Danie
547 1006 608 1044 non
636 1005 708 1044 vero
737 987 769 1042 in
798 985 933 1044 Islondia
961 989 1068 1044 neotus
1097 1003 1174 1043 eum.
1224 983 1385 1060 Scriptura

91 1108 105 1154 5
144 1094 212 1150 eret
244 1093 319 1149 satis
354 1091 476 1167 elegans
511 1095 543 1149 et
573 1093 708 1168 antiqua.
763 1091 888 1148 Inerant
914 1091 1053 1166 legendae
1083 1094 1199 1148 tantum
1229 1088 1267 1146 de
1291 1080 1384 1146 Sane·

140 1196 192 1265 tis,
224 1196 290 1254 sine
320 1193 437 1254 officiis.
495 1195 695 1256 Praeoedebet
722 1197 754 1252 in
784 1195 842 1255 hoo
871 1177 956 1254 folio·
975 1194 1114 1271 legendae
1143 1195 1180 1252 de
1209 1195 1239 1254 S.
1268 1193 1384 1253 Jacobs

142 1301 296 1378 Apostolo
327 1295 420 1372 [uode
448 1296 534 1372 Juli]‚
565 1301 619 1360 VII
651 1300 874 1359 dormientibus
910 1293 1001 1376 [orde
1034 1291 1110 1375 Juli]
1146 1304 1177 1357 et
1211 1299 1241 1356 S.
1275 1299 1384 1357 Penta-

140 1407 235 1465 leone
258 1405 392 1480 Martyre
418 1397 509 1480 [sede
531 1397 624 1482 Juli];
653 1407 723 1464 hine
752 1407 783 1464 in
810 1406 918 1463 ultime
947 1410 1036 1482 parte
1065 1404 1131 1463 folii
1162 1404 1199 1463 de
1223 1403 1252 1462 S.
1278 1403 1384 1475 Olovo,

141 1513 189 1570 uti
213 1511 283 1569 heio
307 1514 462 1569 exaratum
485 1515 541 1582 est,
573 1515 764 1587 apparetque
787 1511 879 1586 hujus
910 1510 1049 1586 legendae
1079 1509 1238 1568 maximum
1265 1517 1385 1585 partem

76 1632 106 1676 10
144 1611 273 1676 deesse“
300 1610 393 1688 (Arne
416 1615 604 1693 Megnnsson
627 1617 637 1674 i
661 1617 720 1674 670
735 1610 808 1692 qn).

98 1761 100 1770 x
227 1721 320 1780 Dette
344 1720 539 1796 Brudstykke
563 1741 596 1780 er
616 1720 725 1779 forhen
746 1721 830 1797 trpkt
852 1721 908 1780 hos
931 1720 1097 1798 Longebek
1119 1721 1157 1792 11,
1181 1721 1250 1780 530.

463 1931 576 1997 Sancti
601 1931 693 1997 Otooi
716 1931 817 2014 Rapis
839 1937 868 1997 et
890 1930 1060 2015 Mortsris.

230 2099 398 2166 Gloriosus
427 2100 526 2182 igitur
553 2102 624 2167 Rex
647 2099 768 2168 Oleros
790 2100 997 2182 Evangelicae
1022 2101 1170 2168 veritatis
1194 2101 1385 2167 sinceritate

141 2204 293 2286 angelice
325 2209 501 2286 compertu,
537 2203 634 2270 fidem
668 2209 738 2271 toto
769 2205 901 2272 admisit
933 2211 1068 2288 pectore
1104 2210 1137 2269 et
1166 2205 1206 2270 ad
1228 2204 1385 2287 baptismi

76 2323 105 2370 ιε
142 2309 285 2394 gratiam
318 2309 351 2375 in
384 2310 465 2378 urbe
496 2310 690 2392 Rothomegi
722 2310 842 2376 devote
872 2311 969 2376 animi
998 2311 1170 2378 alacritate
1193 2309 1385 2377 convolavit

143 2413 340 2481 Purificetus
364 2414 463 2496 igitur
483 2415 613 2480 lavaero
636 2415 709 2481 selu
733 2467 741 2481 .
765 2465 800 2480 ..

667 2789 867 2798 -a—-o-—m-

236 3107 275 3174 H.
320 3109 385 3174 Fra
406 3109 461 3174 ΕΤ
484 3109 628 3176 DANSK
653 3109 997 3177 HAANDSKREVET
1017 3111 1295 3178 BREVIARIUM.

229 3267 336 3327 Denne
359 3267 503 3342 Legende
522 3269 578 3327 her
594 3269 675 3328 Arne
688 3270 878 3346 Magnusson
894 3270 979 3341 ledet
1002 3270 1103 3329 skrive
1126 3273 1136 3329 i
1158 3272 1193 3330 A.
1207 3273 1249 3331 Μ.
1262 3274 1322 3332 670
1336 3293 1384 3349 qv.

142 3375 226 3433 efter
251 3392 289 3431 en
310 3373 469 3432 Membran
496 3374 507 3431 i
536 3374 589 3432 tto
618 3377 629 3433 i
663 3375 716 3434 det
748 3377 846 3451 garnie
873 3376 1251 3437 Universitotsbibliothek
1280 3370 1385 3454 (Capu.

74 3491 106 3536 20
141 3478 284 3540 Ambror.
304 3497 376 3554 pars
401 3479 429 3532 1.
448 3479 513 3537 ord.
533 3479 562 3537 4.
580 3479 636 3538 No.
657 3473 726 3555 26);
750 3480 809 3539 den
832 3481 994 3542 indeholdt
1017 3481 1184 3553 „leetioner
1208 3483 1246 3541 de
1269 3485 1385 3542 eunetis

141 3585 306 3661 nugario,
328 3583 499 3656 wilhelmo,
523 3583 645 3643 Kanuto
668 3586 763 3659 Duoe,
787 3587 910 3646 Kanuto
932 3607 1014 3664 rege,
1040 3571 1135 3646 Olevo
1162 3606 1245 3663 rege,
1274 3589 1387 3664 Magno

141 3691 277 3764 martyre
300 3687 435 3764 glorioso
459 3687 549 3745 etde
571 3689 668 3749 Lnoio
690 3691 720 3748 in
743 3691 946 3750 translatione
971 3692 1081 3768 ospitis
1105 3687 1185 3751 sui“.
1228 3693 1386 3752 Asskrive·

142 3813 199 3853 ren
222 3813 262 3870 og
283 3792 449 3870 Longebek
470 3796 481 3852 i
504 3796 545 3852 sit
566 3795 675 3870 Aftryk
699 3791 924 3872 (11,533-35)
947 3797 1003 3856 hor
1025 3797 1097 3856 ikke
1119 3797 1287 3856 bemaerket
1310 3798 1386 3857 eller

143 3903 276 3973 notent,
310 3898 412 3958 hvilko
447 3898 523 3958 Delo
552 3901 591 3958 of
622 3900 793 3958 Afskriften
829 3901 923 3969 horor
954 3902 990 3960 til
1029 3899 1181 3974 „officio“‚
1216 3903 1317 3961 hvilke
1348 3903 1385 3962 til

74 4010 106 4057 25
147 3998 353 4079 „leotiones“;
381 4005 392 4062 i
421 4002 474 4063 det
500 4003 645 4079 fulgendo
668 4004 777 4080 Aftryk
806 4025 839 4064 er
861 4006 944 4064 dette
967 4007 1089 4083 forsogt
1111 4009 1169 4066 ved
1192 4007 1229 4066 de
1252 4010 1262 4066 i
1283 4007 1385 4066 Klam-

144 4128 210 4169 mer
230 4109 351 4167 tilsatte
375 4106 446 4166 Ord.

603 4255 655 4322 De
678 4257 794 4322 Sancto
821 4257 927 4324 Otaoo.
985 4328 991 4336 ,

232 4389 321 4474 [Ant]
346 4397 456 4456 Sancte
479 4397 595 4474 Mertyr
623 4399 800 4476 -geudin
825 4423 864 4446 =
887 4421 916 4477 p.
942 4397 1080 4460 2294‘3.

231 4495 339 4578 [Resp]
365 4500 389 4560 Ο
414 4506 543 4578 qrentus
567 4508 625 4562 eto.
650 4525 689 4551 =
712 4525 742 4582 p.
767 4504 938 4566 22922-24.

73 4618 106 4665 30
231 4597 325 4683 [Aut]
348 4605 445 4664 Adest
467 4606 532 4666 dies
562 4636 593 4646 ···
618 4628 722 4686 regum
745 4610 852 4686 gloria.
876 4632 915 4656 =
938 4631 968 4687 p.
994 4610 1149 4670 2314-15.

235 4711 359 4772 Cottooto.
402 4710 487 4771 Deus
512 4713 561 4788 qvi
584 4742 622 4750 —
647 4717 818 4790 pervenire.
843 4737 880 4761 =
904 4735 935 4792 p.
960 4713 1131 4775 24718-22.
