3524 5424
290 441 456 498 melonum
473 445 522 498 DE
539 440 776 504 surrentinum
793 440 918 498 BEGUM
935 442 1249 502 Noawsomnsmm.
1350 398 1392 512 ss'i

149 633 236 714 regis
267 636 483 713 cognomento
514 631 709 713 nudipedis¹,
739 636 856 712 petens
889 631 1007 697 obnixe
1039 637 1076 696 ut
1105 631 1167 696 sibi
1196 632 1313 698 linerat
1339 649 1390 696 se-

150 737 291 804 cundum
320 737 410 826 loges
443 737 559 816 patriae
589 735 799 818 comprobare
830 736 918 817 quod
941 736 1080 802 dicebat.
1127 736 1289 802 siwardus
1312 753 1390 801 nero

149 859 207 908 rex
236 839 382 907 severius
409 857 513 920 110110,
546 843 583 904 ut
610 835 801 922 quibusdam
833 842 935 906 visum
957 846 1018 922 est
1043 841 1144 923 Jussit
1166 859 1240 907 eum
1263 840 1391 924 calonne

149 959 265 1012 novem
287 945 409 1025 ignitos
430 959 585 1008 vomeres
610 947 723 1007 nnuma
753 944 1010 1012 eeclesiasticam
1042 963 1227 1026 sensuram3
1261 946 1320 1012 sed
1354 951 1391 1010 ut

100 1058 114 1103 ⁵
149 1051 293 1116 ereditur
316 1049 470 1114 divinitus
493 1045 637 1130 adjutus
655 1049 801 1115 inustum
820 1051 980 1133 apparuit.

234 1155 349 1220 Paucis
372 1152 488 1218 exinde
510 1153 604 1217 annis
625 1168 682 1218 rex
704 1153 867 1220 Sinardns
890 1156 1053 1220 bominem
1077 1154 1174 1232 exuit.
1219 1154 1289 1219 Nos
1312 1173 1390 1236 quo-

148 1277 214 1341 que
236 1258 332 1340 hujus
353 1255 518 1324 schedula·
540 1257 592 1322 bic
613 1255 711 1323 finem
730 1245 875 1340 iacimus,
898 1260 1063 1341 iudignum
1085 1258 1183 1324 valde
1202 1259 1390 1340 jndioantes

146 1364 314 1428 memoriae
337 1349 540 1445 posterorum
564 1361 694 1428 trudere
716 1363 847 1445 scelera,
877 1364 1060 1444 homicidia,
1082 1364 1234 1446 perjuria,
1257 1365 1390 1446 parrici-

147 1468 212 1548 dia,
241 1474 426 1533 sanctorum
454 1467 599 1533 locorum
629 1467 933 1549 contaminationes,
966 1471 1027 1537 Dei
1061 1474 1291 1550 contemptum,
1324 1485 1390 1534 nnn

85 1579 113 1626 10
147 1573 256 1638 minus
286 1572 510 1653 religiosorum
540 1571 816 1654 depredationes*
838 1592 933 1654 quem
955 1576 1058 1640 totius
1080 1574 1196 1657 plebis,
1220 1573 1389 1638 mulierum

147 1677 383 1761 captivationes
412 1683 446 1742 et
473 1674 599 1743 ‘ceteras
628 1677 897 1759 abominationes,
926 1694 1006 1762 quas
1028 1677 1161 1760 longum
1185 1683 1235 1744 est
1257 1694 1389 1744 enume-

145 1800 231 1848 rare.
276 1780 355 1859 Quae
376 1782 424 1846 its
447 1781 705 1846 exuberaverunt
729 1783 823 1863 qnasi
845 1784 878 1849 in
901 1802 998 1849 unem
1021 1783 1181 1849 sentinam
1204 1786 1281 1864 post
1303 1799 1389 1847 mor·

142 1891 214 1952 tem
243 1886 391 1968 predicti
420 1887 507 1966 regis
538 1886 681 1966 siwardi,
716 1887 763 1952 ita
795 1892 833 1952 ut
864 1893 1010 1953 nostram
1037 1893 1168 1969 gentem
1202 1887 1391 1969 specialiter

144 1989 297 2056 videatur
317 1994 449 2054 notasse
472 1991 655 2074 satyricus⁵‚
678 2011 750 2057 cum
775 1993 915 2058 diceret:
1083 1998 1087 2004 '

84 2097 111 2143 1⁵
234 2121 237 2126 ·
301 2094 452 2161 Protinus
474 2097 592 2178 irrupit
612 2115 704 2162 venae
724 2097 846 2179 pejoris
869 2097 902 2160 iu
925 2113 1028 2162 aevum

299 2198 402 2264 Omne
425 2198 525 2279 nelos,
548 2200 662 2282 ingere
684 2200 789 2283 pudor
809 2218 987 2281 verumque
1009 2199 1168 2281 fidesque,

256 2389 259 2394 .
299 2303 337 2368 lu
359 2322 495 2386 quorum
518 2305 649 2370 subiere
671 2305 779 2370 locum
802 2305 998 2386 fraudesque
1022 2304 1155 2384 dolique

299 2407 497 2490 Insidiaeque
520 2414 554 2474 et
575 2409 623 2474 vis
647 2415 681 2474 et
702 2427 793 2474 amor
815 2407 1009 2476 sceleratus⁶
1031 2408 1182 2474 habendi.

234 2512 376 2578 Gelnuda
399 2513 496 2578 etiam
520 2529 593 2578 esse
617 2515 751 2580 crimina
772 2514 912 2595 propriae
935 2513 1041 2596 gentis
1053 2513 1203 2579 Lucanus
1226 2512 1387 2592 admonet,

81 2634 110 2680 10
145 2637 221 2684 num
244 2617 337 2683 dicit:
1248 2703 1251 2712 γ

300 2721 392 2788 Hanc
414 2721 497 2801 fuge,
520 2739 622 2802 maus,
644 2726 770 2803 partem
790 2721 867 2786 belli
890 2721 1100 2802 tenebrisque
1122 2720 1267 2802 relinque

302 2827 463 2906 Nullaque
485 2829 650 2890 tantorum
674 2826 778 2890 discat
798 2843 849 2890 me
872 2829 947 2892 vate
971 2827 1128 2890 malorum

303 2929 406 3008 Quam
430 2931 564 2996 multum
587 2929 686 2994 liceat
707 2930 802 2996 bellis
827 2930 976 2996 civilibus
998 2935 1088 3010 astas

147 3038 183 3101 et
205 3035 270 3100 alio
292 3035 382 3099 loco:
1067 3043 1079 3118 J

83 3152 112 3197 2⁵
292 3129 462 3219 'Quicquid
484 3138 518 3203 in
538 3136 599 3204 han
623 3138 693 3204 anie
715 3139 857 3219 gessisti,
881 3139 993 3220 Roma,
1016 3139 1143 3204 tacebo.

226 3374 305 3429 ¹SK.
325 3378 452 3442 undipidis
471 3377 505 3427 A.
540 3374 623 3426 Ἀθ.
641 3377 742 3440 abjrntns
760 3378 792 3426 K.
829 3373 915 3428 1ΑΚ.
934 3378 1043 3442 injustus
1062 3375 1089 3440 (l)
1108 3377 1133 3428 S.
1168 3373 1224 3428 ⁴S.
1243 3377 1275 3427 Κ.
1294 3379 1389 3441 ‹lepra-

146 3467 313 3516 hendationes
331 3467 365 3516 Δ,
401 3463 488 3515 ⁶AK.
506 3465 629 3516 satiricus
647 3463 674 3514 S.
711 3459 722 3490 ⁸
740 3464 799 3514 ΔΚ.
820 3467 957 3516 sceleratus·
974 3467 999 3518 S.

146 3701 285 3764 niensis“
321 3701 461 3781 (ligesom
489 3704 571 3764 'Saxo
602 3723 633 3780 p.
658 3705 728 3762 786.
753 3706 824 3776 894,
848 3705 902 3764 eir.
926 3725 957 3782 p.
982 3701 1065 3778 652),
1091 3708 1172 3782 siges
1196 3705 1255 3765 han
1280 3706 1291 3762 i
1313 3705 1389 3762 Tex-

145 3816 202 3868 ten
225 3815 256 3868 at
278 3830 358 3868 vaere
380 3810 520 3867 kommen
542 3809 598 3880 „de
612 3799 753 3880 Scotia“;
775 3809 844 3866 mad
855 3809 970 3868 Texton
994 3815 1137 3869 stemmer
1159 3809 1248 3884 nogle
1263 3809 1387 3884 Sagaer,

148 3913 310 3972 dosiades·
324 3914 393 3972 ham
413 3932 452 3988 og
467 3914 543 3971 huns
555 3913 665 3972 Moder
676 3893 809 3986 opholde
828 3915 875 3988 sig
897 3933 956 3990 psa
979 3915 1027 3972 Su
1037 3913 1079 3972 de
1089 3927 1130 3980 rn
1140 3932 1227 3971 erne
1249 3909 1294 3986 (se
1308 3913 1388 3970 Fiat.

148 4019 189 4090 ΙΙ,
213 4019 283 4088 440,
306 4017 476 4077 Morkinsk.
504 4012 594 4091 192);
619 3997 1207 4094 11011111011013011031011111110148110
1230 4019 1241 4075 i
1265 4020 1297 4075 at
1317 3999 1388 4074 ln‘de

147 4123 220 4181 ham
246 4123 364 4180 komme
396 4123 444 4180 fra
472 4122 576 4180 Irlund
599 4115 740 4197 (Fagrsk.
768 4115 852 4193 250),
877 4141 916 4197 ng
935 4122 1047 4182 Suorre
1070 4123 1268 4180 kombiueror
1287 4121 1387 4197 begge

146 4227 393 4302 Fremstilliuger
415 4227 518 4296 (Hskr.
543 4220 627 4300 692).

238 4333 285 4389 14.
329 4324 493 4407 satyricus]
519 4331 654 4402 Ovidius,
676 4330 799 4389 Metam.
822 4331 846 4388 1.
869 4351 896 4388 v.
923 4333 1063 4390 las-31
1090 4323 1211 4404 (Suhm)

239 4437 286 4494 19.
329 4430 483 4506 Lucanus]
508 4436 614 4494 Pharo.
638 4436 702 4506 VII,
728 4455 755 4493 v.
780 4433 925 4493 552-54
949 4430 1079 4510 (Suhm).

236 4541 285 4597 24.
331 4541 389 4598 nlio
412 4535 492 4611 1000]
516 4541 628 4599 ibidem
651 4561 679 4600 v.
705 4540 763 4598 556
788 4532 919 4614 (Suhm),
943 4541 1012 4598 med
1035 4540 1096 4598 kun
1123 4541 1159 4597 en
1184 4539 1289 4613 Liujes
1313 4538 1389 4597 Mal-

146 4645 292 4702 lemnum:

352 4727 397 4786 Ah
420 4730 524 4804 potius
548 4733 678 4804 pereant
697 4729 846 4802 lacrymae,
870 4731 1059 4834 pereantque
1084 4727 1237 4865 011010105οᾆ
