3448 5428
1221 376 1375 483 'aaa

136 629 168 684 et
190 625 230 683 ad
251 623 383 682 honeste
405 634 529 698 queque
550 611 708 694 sequenda
724 615 854 693 quadam
872 617 983 674 mentis
994 615 1184 690 ingenuitate
1207 611 1381 688 promptis·

133 747 237 789 armus.

212 826 366 909 probans.
410 823 518 900 Quare
539 821 681 887 iratrem.
765 867 770 872 -

218 935 375 1011 antiphona.
419 933 475 992 llic
499 931 675 1006 euangelias
698 930 837 996 veritalis
861 928 1038 987 sinceritate
1051 927 1221 1000 comporta:
1242 923 1374 998 ad'bap·

86 1041 101 1087 5
136 1043 220 1102 tismi
242 1041 370 1116 gratiam
393 1037 506 1097 deuota
528 1037 685 1095 alacritato
710 1035 896 1094 conuolauit.

218 1137 374 1222 psalmas.
419 1135 555 1200 Domine
579 1132 667 1215 quid.

219 1270 286 1309 aaa.
333 1249 437 1308 Gloria
459 1252 491 1305 et
510 1247 638 1305 honora.

220 1345 328 1412 Lectio
342 1346 370 1428 j.
416 1344 583 1410 Gloriosus
607 1361 663 1407 rex
683 1342 796 1407 olauus
816 1338 1003 1421 euangelica
1021 1336 1169 1402 veritatis
1188 1335 1376 1402 sinceritate

136 1453 169 1518 in
192 1451 300 1534 anglia
327 1453 512 1533 compertas
534 1447 639 1513 :fidem
667 1446 898 1528 admisittoto
921 1447 1070 1525 pectora:
1101 1441 1197 1506 etad
1221 1438 1377 1520 baptismi

75 1565 104 1609 10
136 1557 275 1644 gratiam
308 1555 451 1620 in·-vrbe
480 1555 672 1632 rothomago
706 1551 826 1617 deuota
853 1549 951 1615 animi
980 1548 1148 1613 alacritate
1177 1543 1376 1611 conuolauit.

136 1661 330 1728 Purificatus
352 1661 451 1742 igitur
472 1660 625 1724 lauachro
649 1657 799 1722 salutari:
826 1659 962 1736 repente
982 1656 1129 1718 anumtns
1152 1654 1204 1715 est
1224 1650 1257 1715 in
1277 1649 1377 1714 alium

136 1767 242 1832 viram
265 1765 297 1830 in
320 1765 484 1830 anteriora
505 1783 542 1830 se
564 1763 756 1828 extendens:
783 1766 818 1826 et
838 1769 923 1826 nouo
945 1775 1054 1823 rerum
1078 1755 1202 1822 ordine·
1221 1773 1276 1819 rex
1299 1771 1377 1835 apo·

138 1872 217 1938 stoli
234 1871 340 1936 nicam
363 1884 499 1950 gerens:
528 1870 601 1950 ipse
626 1869 694 1932 dux
720 1867 810 1934 verbi
833 1865 946 1932 chnsti
969 1863 1112 1945 gratiam·
1130 1861 1253 1944 passim
1277 1858 1378 1924 omni-

136 1978 201 2043 bus
224 1975 422 2058 predicabat.
471 1973 648 2039 Plurimum
677 1973 816 2056 proiecit
847 1973 881 2038 in
908 1969 1017 2036 breui:
1048 1973 1081 2032 et
1111 1962 1379 2030 innumerabilem

77 2085 105 2130 1⁵
139 2083 272 2148 domino
294 2080 534 2146 multitudinem
556 2079 741 2162 acquisiuit.
1199 2084 1203 2092 ’

224 2211 309 2286 It’crp:
356 2211 391 2268 Ia
424 2209 521 2286 regali
552 2211 676 2286 fastigio
708 2209 893 2268 constitutus
928 2209 1039 2284 spiritu
1071 2223 1192 2283 pauper
1225 2207 1290 2261 erat
1324 2221 1377 2260 rex

139 2317 260 2377 clauus.
311 2315 354 2374 Aa
379 2315 456 2374 licet
473 2317 570 2392 'regni
601 2318 739 2392 negocijs
768 2313 959 2391 implicatus:
993 2307 1104 2371 aientis
1134 2310 1249 2369 deuota
1280 2307 1379 2367 libera
1441 2377 1442 2380 Ἴ

140 2421 399 2497 contemplatione
422 2421 628 2480 meditabatur
651 2423 786 2480 celestia.
1075 2418 1078 2426 ’
1142 2414 1144 2422 ’

226 2563 293 2633 vers.
339 2544 491 2634 Suadebat
519 2545 547 2630 ei
577 2545 673 2602 omnis
701 2564 778 2606 vena
812 2563 884 2622 spes
912 2546 943 2601 et
969 2543 1085 2604 terreni
1113 2526 1203 2620 reg'ni
1226 2539 1325 2618 gloria
1347 2559 1383 2600 ao

80 2653 110 2698 2⁰
142 2651 287 2725 voluptas
310 2631 495 2710 vilescebat.¹
547 2650 606 2730 ¹dc
626 2649 710 2709 licet.
1375 2631 1378 2636 ¹

230 2763 320 2828 lectio
343 2763 377 2844 ij.
424 2749 637 2834 confluebant
664 2765 704 2828 ad
733 2763 895 2846 baptisma
923 2766 1072 2832 certatim
1101 2763 1230 2848 populi:
1266 2767 1299 2828 et
1328 2749 1386 2830 nir-

143 2889 254 2936 merus
270 2865 472 2934 credentium
492 2867 674 2950 augebatur
696 2867 816 2936 indies:
839 2869 1092 2954 effringebantur
1114 2875 1237 2950 statue:
1262 2869 1387 2936 succin-

144 2975 306 3042 debantur
326 2961 406 3038 luci:
437 2974 670 3041 auertebantur
693 2973 828 3040 delubra
851 2975 1084 3043 ordinabantur
1104 2974 1314 3060 sacerdotes:
1337 2973 1359 3039 f‘
1372 3009 1386 3020 ·

142 3080 356 3147 bricabantur
378 3078 532 3144 ecclesie:
564 3077 743 3162 offerebant
771 3080 906 3146 donaria
928 3082 1039 3165 populi
1063 3101 1133 3150 oum
1157 3079 1332 3158 deuotione
1355 3082 1389 3143 et

81 3208 109 3254 aa
144 3180 335 3276 alacritate:
375 3181 612 3269 erubescebant
646 3184 807 3250 idolorum
842 3186 983 3252 cultores
1016 3177 1307 3253 confundebantur
1331 3184 1387 3266 qui

144 3287 259 3356 confisi
283 3293 375 3374 erant
397 3289 430 3352 in
453 3283 612 3370 sculptili:
637 3294 671 3356 et
690 3290 722 3381 iu
746 3290 854 3358 multis
876 3293 1019 3372 regionis
1041 3293 1131 3358 illius
1145 3289 1294 3372 partibus
1317 3287 1386 3354 infi-

145 3394 266 3461 delium
289 3393 444 3474 dcpressa
466 3375 687 3460 multitudine:
719 3396 834 3460 mutire
863 3414 926 3461 non
956 3397 1080 3464 audens
1105 3395 1208 3468 omnis
1231 3393 1386 3476 iniquitas

145 3497 291 3581 opilabat
314 3516 350 3562 os
373 3515 478 3562 suum.
753 3495 757 3500 '

229 3627 312 3702 Resp.
359 3627 382 3686 0
407 3632 539 3704 quantus
562 3628 635 3686 fidei
657 3583 769 3693 feruor.
794 3640 821 3688 ot
841 3599 926 3706 supra
946 3632 985 3690 ad
1005 3650 1129 3708 vesperas
1154 3623 1199 3706 [⁰:
1217 3652 1247 3708 p.
1273 3623 1388 3710 229²⁹].

82 3780 112 3826 30
202 3770 205 3778 ’
233 3741 321 3820 imita
343 3740 392 3823 iij.
437 3742 510 3812 Non
533 3745 683 3814 cessabat
695 3728 803 3812 autem
829 3745 1014 3813 indefessus
1027 3745 1189 3828 euangelij
1199 3746 1389 3828 predicator

145 3864 230 3912 nunc
254 3845 435 3912 obstinatos
461 3849 629 3914 euincere:
652 3867 736 3914 nuno
763 3849 927 3917 instruere
949 3850 1062 3919 rudes:
1082 3869 1178 3918 nuno
1201 3851 1236 3920 in
1256 3849 1321 3918 fide
1341 3855 1389 3918 te·

144 3967 250 4026 ueros·
276 3950 469 4026 confortare.
521 3953 629 4020 Niobil
657 3953 741 4034 regij
773 3952 886 4033 lastae
915 3955 1014 4023 nicbil
1041 3954 1223 4036 tyrannidis
1253 3956 1286 4019 in
1311 3972 1388 4021 suos

147 4055 507 4126 marcebatsnbditos:
536 4057 645 4125 immo¹
662 4058 811 4126 omnibus
838 4061 986 4142 exempla
1008 4059 1169 4141 prebebat
1182 4077 1308 4152 aragne
1329 4059 1389 4124 hu„

145 4159 294 4232 militetis
326 4165 362 4226 et
395 4162 665 4234 normannnis
715 4163 751 4230 Iu
779 4163 887 4232 daturo
920 4167 1039 4234 etenim
1067 4164 1255 4246 prouincijs
1271 4164 1390 4245 quibua

83 4275 112 4322 ³⁵
146 4270 279 4348 preerat
300 4265 493 4346 prouidens:
527 4285 568 4338 ne
597 4267 774 4334 nobiliores
809 4270 931 4350 quique
960 4274 995 4336 et
1022 4270 1311 4351 potentioremper
1330 4285 1389 4348 po·

146 4370 284 4439 tentium
306 4369 498 4437 humiliores
521 4372 760 4457 opprimerent:
782 4372 873 4453 leges
899 4372 1026 4439 diuinas
1049 4379 1082 4438 et
1103 4374 1263 4440 humanas
1286 4371 1390 4440 multe
1450 4395 1458 4405 ’

146 4474 463 4556 plenassapientia
482 4480 518 4542 et
545 4477 627 4544 mira
657 4479 855 4558 compositas
884 4477 1081 4548 discretione
1104 4477 1237 4558 scripsit
1256 4479 1293 4542 at
1314 4491 1389 4557 pro·

147 4578 314 4660 mulgouit
380 4647 383 4654 ,

231 4704 321 4784 Hesp:
360 4707 464 4768 [aaut
486 4727 559 4771 vero
581 4715 614 4769 vt
634 4711 684 4770 leo
705 4709 861 4770 confidens
881 4711 999 4788 absque
1020 4715 1139 4771 terrore
1162 4715 1283 4772 enatet
1304 4703 1399 4772 iuata'
