3524 5424
278 443 443 495 HISTORIA
462 443 509 495 DE
527 441 763 522 nondumne
780 437 904 494 nudum
921 439 1235 493 Nonwnomhswno.
1330 444 1367 506 41

28 635 30 676 ῖ
144 626 388 708 proculdubio,
416 632 541 692 remoto
572 628 658 692 omni
681 626 903 706 ambiguitate,
926 630 963 690 nt
985 627 1165 692 sceleratos
1187 632 1221 691 et
1242 625 1370 708 iniquos

143 731 340 796 abonorum
369 733 599 814 persecutione
627 737 859 813 compesceret,
888 731 1008 797 Christi
1040 733 1167 797 sancita
1200 732 1370 809 stabiliret,

145 836 179 900 do
201 835 381 902 durissimis
401 836 567 918 lapidibus
589 840 616 903 si
638 837 709 904 fieri
729 839 897 922 potuisset
918 837 1002 902 filios
1025 837 1163 902 Abrahoe
1187 838 1370 902 suscitaret.

142 939 213 1004 Hae
238 943 285 1008 ita
316 940 419 1008 luisse
447 943 630 1007 certissime
658 944 827 1010 declarant
858 943 1048 1026 quotidiana
1069 941 1227 1008 beneficia
1250 947 1286 1006 et
1307 959 1370 1006 non

101 1050 114 1096 ⁵
143 1044 239 1109 minus
275 1044 390 1111 erebra
420 1043 531 1126 quam²
558 1047 715 1114 inusitata
741 1049 907 1128 miracula,
937 1066 1008 1129 qum
1043 1048 1246 1128 omnipotens
1272 1047 1370 1124 ¹Deus

141 1149 283 1229 dignatur
303 1154 434 1232 operari
463 1169 523 1232 per
549 1153 621 1234 eJuo
654 1155 781 1242 merita
809 1171 872 1218 non
901 1153 933 1217 in
961 1157 1073 1217 nostra
1094 1151 1237 1232 regione,
1259 1169 1370 1216 verum

141 1253 318 1336 ubieunque
333 1256 477 1322 locorum
491 1260 525 1321 et
540 1275 559 1320 a
575 1258 820 1340 quibuscunque
832 1257 984 1322 auxilium
1005 1257 1094 1324 beati
1117 1258 1267 1338 martyria
1290 1255 1369 1321 fide·

140 1355 209 1423 liter
228 1360 431 1441 imploratur.
475 1360 592 1426 Videre
615 1369 664 1428 est
688 1365 787 1428 etiarn
812 1381 907 1445 quarn
932 1364 1059 1442 devote,
1081 1379 1176 1443 qnam
1197 1360 1373 1442 diligenter

141 1462 231 1528 etiam
253 1465 420 1530 insecutus
442 1468 486 1530 sit
506 1467 622 1532 heatus
643 1468 709 1533 iate
731 1469 870 1550 vestigia
891 1466 978 1530 illius
1002 1468 1096 1548 primi
1119 1465 1289 1530 vexilliferi
1312 1464 1373 1530 sal-

85 1579 110 1624 10
140 1571 254 1635 vetoris
270 1571 382 1650 nostri,
404 1571 557 1636 videlieet
578 1571 762 1637 beatissimi
785 1573 1032 1655 protomartyris
1044 1571 1218 1653 Stephani:
1242 1569 1302 1636 ille
1322 1572 1371 1634 in·

139 1678 184 1738 ter
203 1674 412 1741 torrentium³
432 1675 566 1746 imbrem
586 1676 730 1758 lapidum
749 1697 808 1762 pro
828 1677 1049 1760 lapidantibus
1069 1679 1224 1756 exoravit,
1241 1676 1303 1740 iste
1315 1693 1374 1757 pro

138 1779 421 1862 interemptoribus
440 1781 507 1844 suis
527 1781 626 1846 etiam
649 1783 870 1866 eleemosynas
894 1783 1019 1864 erogari
1035 1783 1138 1862 jubet.
1180 1781 1246 1846 Sed
1267 1781 1299 1845 in
1321 1780 1372 1845 bis

139 1883 283 1956 omnibus
315 1885 371 1950 ille
405 1885 629 1979 agnoscendus
663 1893 723 1966 est,
755 1887 808 1952 ille
837 1887 1027 1966 laudandus,
1058 1887 1115 1952 ille
1138 1884 1375 1968 glorificandus,

140 1990 189 2070 qui
212 1995 246 2084 et
269 1991 301 2056 in
322 1991 427 2072 prima
448 1992 618 2056 vocatione
642 1991 733 2058 dedit
754 1993 849 2056 iidem
874 1997 907 2058 et
929 1992 962 2056 in
986 1996 1131 2057 extrema
1150 1992 1374 2056 constantiam.

85 2095 109 2141 1⁵
220 2095 357 2162 Collatia
385 2095 496 2178 itaque
526 2095 627 2176 signis
659 2096 786 2162 ferebat
817 2095 966 2163 vexillum
994 2101 1070 2162 ante
1091 2115 1202 2176 regem
1224 2097 1273 2161 vir
1295 2101 1378 2160 stre-

102 2222 105 2227 *
138 2219 215 2278 auus
238 2203 369 2266 nomine
391 2199 518 2280 Biorn⁴3
542 2199 595 2266 bie
619 2201 651 2265 in
673 2203 778 2282 primo
802 2203 913 2270 statim
936 2219 1112 2286 congressu
1137 2201 1263 2266 occisus
1288 2206 1380 2265 esta

139 2305 233 2374 Thuri
258 2305 356 2386 hund,
387 2306 441 2390 qui
477 2306 614 2388 primam
651 2307 751 2376 aciem
794 2307 934 2374 ducebat
965 2305 1092 2372 nontra⁵
1126 2323 1245 2386 regern.
1300 2303 1378 2371 Ilico

139 2411 331 2477 subsecutus
360 2399 411 2476 est
441 2427 576 2476 occasus
603 2413 700 2492 regis,
734 2417 868 2499 accepto
897 2416 934 2475 nt
963 2411 1067 2478 fertur
1090 2410 1224 2477 vulnere
1246 2411 1378 2491 ingenti.

140 2515 213 2594 Quis
238 2519 268 2583 ei
291 2533 405 2581 manus
428 2515 584 2594 intulerit,
607 2522 715 2581 utrum
739 2535 837 2582 uuum
869 2535 909 2580 an
939 2517 1033 2598 plura
1056 2503 1191 2581 vulnera
1212 2514 1376 2595 babuerit,
1487 2519 1490 2526 '

83 2619 108 2664 ²⁰
141 2623 212 2703 quia
233 2643 255 2694 a
280 2621 415 2687 diversis
447 2619 576 2686 diversa
607 2614 777 2701 dieanturi,
809 2640 868 2686 nos
891 2621 936 2686 nil
958 2626 1081 2686 temere
1105 2617 1266 2687 affirmare
1288 2621 1378 2684 volu·
1495 2641 1498 2649 ·

139 2745 207 2793 mus
231 2745 293 2793 neo
316 2723 464 2792 officioso
489 2725 656 2794 mendacio
680 2725 815 2792 aliorum
839 2744 934 2792 aures
957 2725 1149 2791 demulcere.
1197 2727 1287 2808 Dagr
1303 2745 1379 2795 vero

138 2849 219 2901 unus
244 2831 503 2914 exprincipibus
525 2831 610 2914 regis
634 2849 779 2898 necnon
803 2835 837 2897 et
858 2835 1016 2914 cognatus
1040 2831 1118 2912 ejus,
1142 2847 1280 2896 cernens
1303 2833 1377 2896 v'ex·

138 2936 226 3002 illum
251 2954 405 3003 unacum
424 2951 500 3020 rege
521 2934 702 3016 cecidisse⁷,
724 2935 860 3003 viriliter
877 2935 958 3004 illud
978 2935 1080 3001 erexit
1096 2936 1249 3000 hortatus
1270 2935 1378 3002 socios

134 3043 382 3122 etobtestatus,
405 3047 442 3106 ut
464 3040 707 3125 [ιιειειιιιιιςίι8
728 3025 792 3105 non
813 3041 915 3108 velint
935 3037 1081 3120 inultam,
1103 3058 1144 3105 ne
1169 3041 1379 3124 geminatum

203 3211 211 3242 ¹
240 3215 300 3271 ΔΚ.
318 3230 396 3269 nausa
423 3225 461 3267 est
486 3215 576 3280 procul
604 3215 681 3266 dubio
704 3226 826 3278 prompta
845 3214 871 3266 S.
915 3212 1004 3274 ²qu
1025 3213 1128 3266 adelada
1145 3213 1170 3262 Κ
1226 3210 1307 3268 Ἀθ,
1330 3223 1381 3264 ιιι*

137 3305 246 3355 rentium
263 3305 297 3354 K·
332 3293 443 3354 *ΑΒΚ
462 3305 541 3352 Biorn
561 3303 586 3353 S.
630 3297 717 3352 βΑΚ.
736 3311 794 3352 ante
812 3303 838 3354 S.
877 3298 956 3354 ‘As
976 3303 1093 3362 dicuntur
1112 3301 1144 3350 K
1182 3298 1291 3354 'AKS
1309 3299 1378 3368 (med

137 3401 215 3444 urotto
233 3393 302 3456 aigor
319 3391 460 3452 saumata
478 3389 567 3442 codiee
584 3390 736 3458 Magnaapo
756 3387 897 3452 occidisse).
936 3386 1022 3442 ‘AR
1044 3394 1108 3456 ragio
1125 3407 1213 3444 necem
1231 3391 1260 3445 S.

147 3599 153 3610 ·
223 3568 270 3624 10.
315 3555 478 3640 Stephani]
514 3563 580 3620 anal.
607 3564 675 3620 Aet.
705 3567 804 3637 apost.
833 3562 896 3636 VII,
932 3567 1072 3622 ria—59:
1126 3563 1168 3622 Et
1199 3563 1380 3639 lapidabant

139 3665 325 3742 Stephanum
346 3669 540 3729 innodantem
563 3672 595 3730 at
618 3667 784 3729 dioentom:
819 3667 948 3729 Domine
969 3668 1054 3744 iesu,
1085 3669 1209 3744 auaaipe
1238 3669 1379 3743 spiritum

137 3787 244 3833 meum.
289 3773 401 3836 Positis
427 3777 528 3834 autem
550 3771 681 3847 genibus
700 3771 846 3832 adamarit
867 3791 941 3832 vote
964 3792 1073 3848 magna
1095 3773 1216 3832 diosna:
1240 3772 1378 3842 Domine,

138 3893 177 3934 ne
199 3881 316 3941 statuae
338 3877 401 3939 illis
424 3878 481 3938 hoo
504 3882 674 3953 peecatum.
1161 3905 1163 3910 ·

225 3987 270 4044 lb.
318 3973 476 4056 vexillum]
511 3981 672 4058 adalgaudo
705 3981 754 4040 ira
788 3981 908 4058 Siguata
943 3983 1018 4042 Vero
1047 3983 1103 4044 hoa
1134 3983 1249 4042 Snorre
1270 3979 1377 4050 (Halon.

140 4087 211 4160 480,
235 4089 302 4154 sml.
324 4083 415 4158 493).

225 4193 273 4252 lt.
319 4210 338 4248 a
359 4191 452 4254 Thoti
473 4185 570 4268 hund]
593 4194 659 4254 sml
684 4193 835 4254 Hoimskr.
859 4195 918 4254 489
942 4214 982 4269 og
1004 4193 1076 4253 492.

226 4299 273 4356 19.
318 4296 410 4372 plura
442 4289 583 4372 uulnera]
618 4297 676 4356 den
715 4297 910 4374 almindeliga
946 4299 1105 4358 islandslre
1138 4297 1306 4369 Tradition,
1347 4315 1381 4356 aa

141 4378 251 4477 Agrip,
273 4401 334 4477 leg
360 4400 440 4476 Saga
463 4403 512 4473 93,
536 4401 649 4466 Saorre
671 4402 763 4464 Hslar.
787 4405 858 4462 493.

225 4507 276 4564 21.
321 4497 420 4580 Dagr]
448 4505 531 4568 Sors.
561 4507 692 4581 lrjender
719 4506 791 4569 ikke
823 4507 938 4585 Sagnet
964 4528 1022 4579 om,
1056 4514 1087 4566 at
1107 4509 1175 4585 Dag
1202 4509 1284 4574 iurat
1311 4507 1383 4565 kom

141 4607 181 4666 til
199 4611 299 4698 under
321 4609 459 4686 Kampen
482 4604 587 4684 (flssr.
611 4603 687 4685 492)
711 4611 788 4670 aller
808 4613 909 4687 andeg
932 4615 1011 4672 alter
1032 4615 1178 4689 Kongena
1195 4611 1273 4670 Fald
1295 4611 1381 4690 (hog.

146 4710 225 4792 Saga
246 4717 296 4787 94,
320 4712 387 4772 aml.
410 4709 481 4788 85);
504 4695 604 4793 Agrip
627 4734 750 4777 narner
772 4716 841 4777 ham
862 4714 944 4780 ikke.
985 4733 988 4740 ’
1056 4765 1058 4770 .
