3496 5424
515 437 615 494 acra
632 441 765 492 snsorr
782 441 983 492 maurosus
1305 429 1364 502 iai

132 641 192 706 que
215 624 343 688 mulier¹
362 623 452 687 sedit
473 621 504 686 in
526 623 636 703 puppi.
681 623 754 702 [iiie
777 622 869 687 vera²
897 623 961 686 iter
989 619 1126 701 arripuit
1146 621 1366 701 *navigandus

129 729 172 794 iit
194 730 301 794 subito
324 728 406 792 vidit
433 727 488 809 [ad
518 727 620 800 littus,
654 745 719 808 quo
741 713 858 795 mulier
878 729 1022 804 venerat,
1045 730 1113 790 tras
1136 723 1225 790 siros
1245 725 1366 790 veloci-

129 833 194 898 ter⁴
227 835 442 910 accurrentes,
486 831 540 912 qui
574 832 684 896 statim
718 832 814 896 aliam
852 830 999 912 cymbam
1043 828 1255 911 arripientes⁵
1291 834 1367 910 posi

131 955 187 1002 eos
210 939 354 1002 velocius
377 933 596 1017 navigasses.
641 937 730 1000 Tunc
757 941 888 1001 sanabis
917 935 1101 1000 Halrardus
1129 933 1273 1000 mubcri?
1304 936 1366 1002 ait:
1396 1005 1400 1012 ,

131 1043 287 1124 Agnoscis
310 1043 394 1106 hos?
424 1043 479 1105 Ait
501 1039 585 1106 iila⁸t
613 1057 765 1120 agnuam.
796 1041 867 1124 {m
890 1039 973 1104 illei:
1009 1039 1053 1104 iii
1074 1039 1235 1118 uidente
1258 1042 1367 1121 roqui-

129 1147 233 1227 runt⁸3
256 1147 322 1230 [die
344 1146 432 1225 mihi,
455 1145 533 1227 quid
554 1145 706 1210 feeeris⁹i
742 1145 938 1228 [Respondit
953 1144 1026 1208 iiia:
1050 1144 1170 1210 Verum
1192 1149 1253 1224 ast,
1280 1146 1366 1227 quod

129 1271 180 1316 me
202 1257 449 1333 persequuntur,
481 1249 539 1314 sad
562 1249 650 1329 qu'od
671 1248 749 1314 mihi
777 1250 948 1330 imputant,
971 1267 1035 1314 nou
1057 1247 1165 1326 feei¹⁰;
1197 1249 1369 1330 imponunt

129 1355 230 1422 enim³
251 1373 348 1438 super
371 1370 421 1418 me
446 1337 687 1418 eausamfurti.
734 1351 791 1436 [nt
811 1353 895 1418 illei:
929 1353 1028 1418 Potes
1055 1359 1089 1417 tc
1114 1357 1166 1432 [ex
1188 1351 1265 1418 hoc⁸
1293 1373 1368 1435 pur·

129 1481 205 1544 gare
230 1459 328 1544 [ferro
348 1455 518 1524 ardente³i
562 1457 619 1540 [At
639 1457 737 1522 iila¹⁰:
759 1457 894 1522 Possum
917 1459 966 1537 [et
988 1463 1102 1540 parata
1124 1457 1218 1538 sum³,
1243 1456 1270 1522 si
1290 1455 1367 1543 mibi

130 1584 263 1651 parcere
283 1564 393 1630 velint.
439 1563 520 1646 [Viri
539 1568 647 1627 autem
667 1561 715 1625 illi
732 1562 823 1642 ipsos
840 1563 999 1628 velociter
1017 1563 1255 1643 insequentes¹¹
1273 1547 1367 1629 dire·¹

127 1676 219 1736 runt:
256 1669 321 1734 Cur
342 1666 416 1747 tu¹²,
438 1667 611 1745 Halvarde‚
635 1666 709 1731 talis
733 1665 935 1746 adolescens,
961 1666 1040 1750 [tam
1065 1669 1232 1748 generosis
1257 1668 1366 1734 editus

127 1771 340 1856 parentibus³‚
365 1777 430 1836 tam
447 1770 564 1836 malam
576 1768 759 1836 feminam¹³
780 1770 933 1836 tuendam
946 1773 1140 1852 suscepisti?
1159 1773 1272 1852 [redde
1285 1791 1367 1848 eam,

126 1885 164 1943 ut
192 1879 357 1954 moriatur,
388 1877 541 1956 quoniam
575 1875 708 1956 digna¹⁴.
765 1873 903 1956 [Quibus
931 1875 1113 1940 Halvardus
1149 1877 1246 1941 dixit:
1282 1877 1367 1955 Quid

129 1984 214 2052 euim
238 1982 312 2046 mali
336 1979 433 2045 feeit?
477 1979 540 2057 Qui
571 1980 735 2044 dixerunt:
768 1980 890 2045 Furata
917 1986 966 2045 est
988 1999 1041 2045 res
1062 1981 1171 2044 fratris
1194 1983 1298 2046 nostri
1320 1983 1368 2046 in·

127 2089 273 2166 fringens
295 2086 424 2150 domum
449 2085 526 2166 ejus.
572 2084 696 2162 Quibus
719 2083 774 2148 ille
794 2086 852 2148 ait:
877 2085 1096 2165 ecquomodo
1121 2085 1250 2150 domum
1272 2085 1370 2151 inire-

128 2192 199 2271 git?
242 2191 364 2255 Dicunt
383 2191 426 2254 ei:
457 2189 605 2253 Exiraxit
627 2188 775 2252 ansulam
800 2189 839 2252 de
868 2193 975 2270 poste,
1000 2208 1071 2270 quae
1094 2190 1229 2254 tenebat
1252 2208 1368 2266 seram.

127 2297 170 2360 Et
194 2295 266 2360 ille:
290 2296 450 2375 hocopus
473 2311 535 2357 non
560 2298 610 2356 est
631 2293 787 2371 mulieris,
811 2291 869 2357 sed
892 2293 1059 2358 fortissimi
1081 2294 1150 2358 viri.
1185 2296 1234 2358 An
1251 2294 1368 2374 aliquis
1458 2285 1461 2294 ’

127 2399 302 2476 invenitur,
331 2399 386 2479 qui
414 2403 483 2462 eam
515 2397 641 2461 viderat
670 2398 731 2462 hoc
755 2397 870 2461 iecisse
893 2398 945 2462 vel
967 2399 999 2461 in
1024 2398 1093 2479 ejus
1118 2400 1213 2463 domo
1237 2397 1365 2464 sublata
1401 2479 1404 2486 .

128 2503 323 2568 invenistis?
367 2502 422 2566 Sin
446 2506 555 2566 autem
583 2502 741 2566 iuocrtum
774 2506 833 2588 est,
864 2520 920 2565 eur
943 2502 1122 2567 morietur?
1165 2503 1278 2568 Nonne
1301 2523 1368 2566 ma-

127 2610 176 2689 gis
203 2609 337 2689 justum,
371 2607 398 2670 si
430 2611 549 2687 potest,
584 2609 703 2686 purget
733 2623 768 2670 se
796 2624 816 2668 a
845 2606 988 2670 crimine.
1044 2607 1099 2671 Sin
1134 2613 1251 2686 autem,
1283 2608 1369 2688 quod

125 2713 254 2793 iegibus
274 2713 397 2793 justum
422 2717 480 2789 esi,
515 2711 555 2774 de
578 2729 616 2774 ea
638 2710 704 2788 fiat,
728 2709 813 2773 aut¹⁵
841 2711 1098 2790 redemptionem
1122 2731 1181 2793 pro
1211 2731 1249 2776 ea
1273 2713 1367 2791 dabo,

126 2815 285 2882 tantum¹⁶
312 2817 576 2896 impraegnantem
607 2819 640 2878 ei
670 2813 825 2879 infantem
847 2816 879 2878 in
904 2821 996 2880 utero
1019 2817 1195 2882 habentem
1217 2837 1258 2880 ne
1281 2803 1365 2881 oociss

127 2923 226 2986 datia.
274 2920 426 3000 [Oportet
454 2919 552 3001 igitur
578 2936 635 2983 vos
666 2919 773 2982 sedari
797 2938 857 2983 neo
883 2923 1007 2984 temere
1030 2911 1105 3000 quid
1129 2940 1235 3001 agere.
1280 2921 1368 2986 Tunc

127 3026 172 3089 illi
200 3043 217 3089 e
241 3029 354 3089 contra
375 3025 438 3104 hoc
461 3023 605 3088 furentes
628 3023 860 3088 vociferabant.
905 3023 995 3087 Unus
1025 3029 1133 3090 autem
1164 3025 1368 3106 quisquam¹²

194 3301 206 3342 ι’
227 3303 298 3354 ASS.
317 3303 394 3352 Jussa
412 3303 487 3352 Brev.
538 3297 640 3351 ²Ass
658 3302 734 3350 etsie
753 3302 826 3352 Brcv.
857 3297 977 3352 =²ASS.
996 3305 1056 3364 mgi.
1075 3305 1150 3354 Brev.
1197 3299 1299 3355 ⁴ASS.
1319 3314 1368 3356 tres

127 3395 197 3442 viros
216 3394 313 3449 itinere,
332 3407 382 3454 quo
401 3391 490 3439 merlior
506 3399 617 3448 venerat,
636 3391 668 3438 ad
686 3390 756 3439 littus
770 3392 843 3440 Brcv.
879 3385 980 3440 ⁵Brev.
999 3386 1147 3456 accipientis
1159 3393 1228 3443 ASS.
1265 3389 1370 3443 ⁰Brav.

127 3483 252 3540 navigant
271 3478 339 3528 ASS,
372 3474 465 3527 ⁷Brcv.
484 3478 544 3539 mgi.
561 3477 631 3526 Ass.
665 3473 877 3542 ⁰ASS.quaerent
896 3480 969 3528 Brev.
1003 3476 1095 3530 ⁹Ass.
1116 3482 1175 3543 quid
1195 3477 1276 3530 fecisti
1296 3475 1394 3529 Bran(

129 3565 152 3594 ¹⁰
170 3567 245 3618 ASS.
274 3569 331 3618 Ait:
352 3568 425 3616 Brev.
478 3562 498 3589 ¹¹
519 3565 590 3614 ASS.
616 3566 743 3616 vanientes
770 3567 815 3614 viri
842 3569 954 3630 praedicti
977 3571 1050 3617 Brev.
1106 3565 1127 3594 ¹²
1146 3569 1216 3618 Ass.
1244 3577 1268 3618 te
1291 3569 1367 3617 Brev.

131 3651 152 3681 ¹³
171 3655 244 3704 ASS.
265 3656 392 3704 mulierem
411 3656 483 3703 Brcv.
531 3649 553 3678 ¹⁴
572 3653 643 3702 ASS.
662 3669 716 3716 quae
734 3655 811 3717 digua
829 3663 867 3702 est
885 3665 964 3704 morto
985 3656 1057 3705 Brcv.
1120 3651 1141 3680 ¹⁵
1159 3653 1231 3706 Ass.
1261 3656 1369 3706 Sanctus

128 3759 174 3806 pro
194 3757 223 3788 ca
241 3743 326 3790 multis
344 3743 427 3791 modis
444 3742 584 3806 respondit,
607 3743 671 3790 inter
689 3742 740 3790 alia
758 3743 834 3789 dixit:
854 3744 926 3794 Brev.
982 3737 1005 3767 ¹⁶
1023 3744 1097 3792 Brev.
1127 3752 1225 3794 mnium
1244 3753 1278 3794 ut
1297 3745 1368 3794 ASS.

130 3827 152 3856 ¹⁷
171 3828 244 3878 ASS.
264 3830 303 3878 illi
320 3845 382 3894 roro
401 3837 488 3878 contra
507 3845 564 3880 eum
581 3831 692 3879 furantes
710 3845 775 3879 uuus
794 3831 869 3880 Brcv.

219 4089 245 4144 9.
290 4088 372 4146 ferro
396 4077 533 4162 ardente]
568 4087 586 4148 J
594 4084 771 4164 aernbyrd
803 4085 959 4164 paabydea
989 4090 999 4148 i
1030 4088 1088 4150 alle
1118 4087 1155 4151 de
1179 4087 1271 4152 ealdre
1295 4090 1362 4156 Kri·

90 4259 93 4266 ,
130 4196 299 4253 sicureiier
320 4221 362 4231 -
384 4192 451 4250 Gul.
476 4211 500 4248 o.
526 4195 574 4264 24,
605 4193 706 4252 Frost.
730 4194 767 4264 II,
793 4213 817 4250 a.
841 4195 893 4264 45,
923 4196 1014 4271 Borg.
1037 4217 1062 4254 e.
1089 4199 1135 4270 16,
1164 4198 1250 4258 Eius.
1277 4221 1301 4258 e.
1325 4204 1364 4260 45

129 4306 171 4373 o'g
197 4293 360 4366 „Sverres“
385 4297 559 4355 Kristenret
582 4318 607 4354 c.
633 4299 671 4356 54
696 4327 733 4336 -
757 4317 824 4355 men
845 4298 916 4357 blev
938 4301 1079 4358 afskaffet
1100 4304 1109 4359 i
1137 4305 1215 4361 1247
1239 4306 1271 4362 af
1290 4303 1365 4363 Kar-

130 4401 257 4460 dinaien
279 4401 409 4460 Vilhaim
432 4402 464 4459 af
484 4401 596 4460 Sabina
619 4394 717 4475 (an.
742 4401 772 4460 S.
795 4403 831 4473 X,
856 4399 918 4474 22).

221 4508 267 4563 15.
314 4507 434 4564 domum
464 4497 545 4580 ejus]
580 4524 647 4562 maa
680 4507 758 4564 efter
788 4507 998 4579 Brudsiykket
1030 4512 1062 4567 ai
1092 4512 1253 4571 Hallvards
1289 4514 1368 4591 Saga

128 4610 209 4667 have
231 4615 326 4668 veerei
355 4630 391 4679 ,a
413 4606 551 4667 Vdilum“
584 4606 607 4680 (i
630 4610 710 4683 Liar,
740 4631 783 4669 nu
804 4606 937 4685 Valle),
967 4614 1032 4672 hvis
1055 4613 1130 4688 Ejer
1152 4616 1211 4675 hed
1234 4617 1364 4680 Kolbeiu

129 4709 224 4786 (Heil.
246 4733 327 4772 mun.
352 4721 445 4790 edgur
466 4714 489 4786 1,
514 4709 600 4784 396).
1182 4695 1184 4698 ¹
