3508 5426
309 917 432 1003 Incipit
447 921 606 1005 prolapus
631 919 802 988 Ttoodriai
823 919 968 988 moaooba'
988 923 1024 988 ia
1047 919 1227 1008 [historiam

353 1045 444 1092 mom
465 1027 506 1092 de
526 1029 715 1110 antiquitate
735 1026 859 1111 repran¹
885 1025 1176 1109 Narraapieaar'am.

164 1215 335 1282 Domino
359 1219 399 1282 et
418 1218 526 1300 petri
549 1235 630 1298 suo,
653 1219 739 1282 viro
769 1217 1126 1284 reverendissimo
1155 1219 1387 1300 Augustino

132 1383 135 1388 r
208 1321 481 1388 Nidrosiensi
511 1322 831 1404 archiepiscopo
859 1322 1121 1388 theodricus
1151 1323 1324 1390 humilis

100 1443 114 1488 a
200 1509 203 1514 Ι
261 1431 458 1511 peccator
480 1427 630 1494 debitae
653 1427 869 1494 servitutis
897 1427 1209 1512 subjectionem
1233 1435 1275 1496 et

528 1533 758 1600 orationum
781 1532 1004 1616 sutfragia.

229 1699 511 1784 operaepretium
541 1701 626 1782 duxi,
649 1701 699 1766 vir
726 1699 959 1782 illustrissime,
986 1719 1092 1786 pauca
1121 1703 1191 1768 hac
1225 1703 1267 1769 de
1301 1699 1386 1772 anti·

145 1807 270 1886 quitata
292 1825 404 1888 regum
426 1805 705 1888 Norwagiensium
736 1805 881 1871 breviter
911 1807 1079 1888 innotare,
1104 1812 1139 1873 et
1165 1813 1263 1890 prout
1291 1821 1388 1892 saga·

144 1912 227 1977 citer
256 1911 445 1994 perquirere
472 1912 638 1995 potuimus
673 1911 714 1976 ab
738 1911 795 1994 eis,
825 1929 926 1993 penes
960 1929 1043 1994 quos
1076 1913 1191 1979 horum
1230 1916 1388 1980 memoria

83 2036 110 2082 ιο
142 2017 309 2100 praecipue
331 2021 439 2100 vigere
462 2019 614 2097 creditur,
633 2015 1172 2100 quoanaslslendinga’vocamus,
1186 2021 1241 2101 qui
1260 2019 1332 2085 haee
1353 2019 1386 2084 in

142 2123 211 2188 suis
248 2123 391 2206 antiquis
426 2123 622 2189 carminibus
649 2121 876 2204 percelebrata
904 2121 1062 2189 recolunt.
1114 2121 1158 2188 lit
1187 2123 1263 2206 quia
1292 2141 1386 2205 paene

141 2227 234 2292 nulla
256 2229 347 2295 natio
371 2211 422 2294 est
444 2233 510 2294 tam
533 2227 624 2292 rudis
649 2231 682 2293 et
705 2227 836 2308 inculta,
861 2245 934 2309 qua
956 2225 1149 2309 naualique
1178 2232 1388 2296 monumenta

141 2350 276 2398 suorum
312 2339 556 2400 antecessorum
595 2334 636 2398 ad
669 2337 821 2414 posteros
848 2331 1075 2411 transmiserit,
1111 2333 1241 2413 dignum
1274 2334 1387 2416 putavi

140 2437 223 2518 haec,
248 2456 354 2521 pauca
375 2440 462 2519 licet,
497 2437 653 2521 majorum
682 2442 867 2502 nostrorum
894 2437 1059 2502 memariae
1085 2438 1291 2518 posteritatis
1324 2444 1391 2504 tra-

81 2570 108 2615 15
143 2542 231 2608 dere.
272 2543 338 2609 Sed
361 2545 437 2626 quia
460 2547 588 2608 constat
610 2542 730 2608 nullam
758 2548 863 2607 ratam
893 2541 1012 2622 regalis
1046 2543 1228 2608 stemmatis
1258 2561 1389 2610 succes-

141 2648 268 2714 sionem
297 2648 330 2713 in
358 2649 419 2713 bac
445 2652 533 2713 terra
551 2635 703 2713 'extitisse
727 2651 802 2712 ante
829 2645 963 2736 llaraldi
992 2645 1277 2728 pulchre-comati
1305 2654 1387 2714 tem·

139 2769 234 2834 pora,
256 2753 297 2818 ab
316 2755 387 2836 ipso
411 2753 583 2818 exordium¹
601 2753 750 2820 lecimus:
775 2770 837 2817 non
861 2752 938 2835 qula
957 2751 1172 2818 dubitaverim
1190 2753 1288 2818 etiam
1313 2759 1389 2820 ante

141 2859 212 2941 ejus
238 2861 371 2924 aetatem
393 2858 493 2924 luisse
516 2859 549 2922 in
565 2859 627 2923 hac
645 2861 735 2924 terra
756 2857 843 2923 viros
861 2857 1040 2925 secuudum
1062 2875 1209 2939 praesens
1234 2859 1389 2924 saeculum

139 2963 310 3044 probitate
323 2965 528 3044 conspicuos,
544 2981 642 3046 quas
664 2961 858 3042 nimirum,
871 2967 908 3028 ut
920 2963 966 3028 ait
978 2963 1121 3044 Raetiae,
1138 2963 1390 3030 clarissimas

80 3101 108 3146 20
140 3068 227 3133 suis
250 3067 510 3150 temporibus
526 3069 639 3134 viros
659 3067 909 3150 scriptorum
927 3071 1046 3150 inops
1067 3069 1224 3134 delevit
1240 3071 1389 3150 opinio.

141 3175 191 3239 Ad
216 3174 307 3256 quod
328 3173 530 3256 probandum
553 3177 656 3239 testes
681 3172 775 3239 ciebo
796 3173 945 3242 idoneos.
989 3173 1084 3255 Hugo
1103 3173 1199 3240 bonae
1221 3175 1387 3241 memoriae

195 3360 204 3392 ¹
224 3361 252 3414 S.
271 3359 457 3412 Ecclesiastico
475 3360 583 3412 historia
601 3359 659 3413 ΔΚ.
708 3360 718 3390 ²
736 3363 816 3412 radat
833 3360 897 3412 aiter
916 3359 981 3423 Capi
999 3365 1022 3410 1.

185 3535 304 3595 9-11.
316 3535 424 3595 horum
435 3523 746 3607 memoria-recolunt]
761 3535 942 3614 Meningeu:
955 3534 1199 3612 lalandingerua
1212 3555 1320 3595 eneces
1340 3537 1389 3596 ior

141 3647 174 3702 at
195 3643 276 3702 have
299 3641 392 3700 bedst
413 3641 628 3700 Hakornmelse
652 3641 699 3699 for
722 3661 776 3700 vor
797 3641 943 3712 Historia,
967 3640 1004 3698 de
1027 3659 1092 3698 som
1113 3640 1225 3700 bevere
1241 3635 1387 3716 (mindae)

140 3747 224 3808 hvad
250 3746 305 3807 der
328 3766 361 3804 ar
382 3747 536 3821 besunget
557 3747 567 3804 i
592 3747 681 3805 dares
707 3746 804 3822 gamla
836 3747 928 3822 Digte
953 3740 992 3816 (0²
1021 3747 1031 3802 i
1063 3744 1101 3803 de
1130 3745 1287 3804 islandake
1317 3746 1389 3805 Hof-

27 3917 30 3924 ,
141 3853 272 3914 akaldes
294 3852 419 3928 Dripur
442 3871 491 3910 om
515 3851 552 3910 de
573 3851 685 3910 norska
707 3845 854 3928 Kouger).
899 3851 984 3909 Fari.
1007 3849 1151 3909 henviser
1173 3850 1209 3908 til
1228 3851 1387 3910 islandeke

140 3957 263 4030 Kiklea,
286 3957 352 4015 hvis
376 3955 575 4032 Graandlag
597 3976 631 4013 er
654 3956 750 4032 gemla
772 3955 875 4032 Digte.

188 4065 240 4122 19.
283 4057 424 4134 Boetius]
448 4063 502 4121 eir.
525 4061 647 4120 Boethii
671 4061 708 4118 de
731 4060 940 4119 consolatione
964 4060 1168 4136 philosophia
1190 4062 1210 4119 l.
1232 4061 1260 4120 11
1283 4061 1387 4121 svn:

141 4167 212 4226 Erit
235 4169 331 4243 igitur
357 4171 525 4244 pervagata
553 4168 634 4226 iuter
665 4184 737 4224 auos
765 4165 863 4241 gloria
894 4163 1024 4242 quisque
1050 4169 1228 4238 “contentus
1253 4169 1284 4222 et
1306 4168 1389 4246 intra

141 4275 236 4331 unius
253 4275 361 4350 ,gentis
390 4273 539 4330 terminas
570 4271 719 4348 praeelara
747 4269 801 4328 ille
832 4271 912 4328 lama
943 4271 1156 4329 immortalitas
1189 4271 1387 4330 coartabitur.

143 4378 207 4438 Sed
251 4397 358 4453 qnam
394 4377 550 4458 ¹multas
591 4377 841 4436 clarissimos
877 4377 958 4434 suis
1001 4375 1244 4452 temporibus
1283 4378 1389 4435 viros

142 4483 391 4558 scriptorum
412 4484 530 4558 inops
556 4481 709 4540 delevit
732 4479 889 4557 opinio?

187 4590 240 4646 21.
284 4583 387 4664 Hugo]
412 4586 583 4672 Cananious
612 4584 689 4644 iSt.
712 4585 817 4644 Victor
838 4587 850 4642 i
871 4584 958 4642 Paris
981 4579 1001 4654 i
1026 4586 1115 4656 llll.
1164 4583 1205 4642 Af
1221 4581 1390 4640 hansVer·

144 4691 358 4758 denskronike
378 4711 420 4762 er,
434 4691 555 4765 aaavidt
566 4689 653 4748 vidos
673 4689 734 4747 kun
755 4693 785 4746 ot
801 4689 1001 4752 Haandslerilt
1016 4687 1188 4829 bevaretli*
1198 4687 1284 4745 Paria
1296 4683 1388 4761 (Bibl.
