3448 5428
350 421 414 495 ott

350 612 435 696 poli:
469 616 505 676 et
532 629 685 679 numerus
718 612 918 680 credentium
947 611 1128 697 augebatur
1159 613 1274 681 indies.
1328 611 1590 696 bilringebautnr

349 719 474 782 statue:
508 717 757 782 succidebantur
790 717 864 783 luci.
898 719 1134 786 euertebantur
1165 720 1316 786 delubra:
1355 719 1589 784 ordinabantur

349 819 553 886 sacerdotes:
581 819 824 888 fabricabantur
846 823 998 890 ecclesie:
1026 823 1205 890 offerebant
1227 823 1363 889 donaria
1384 822 1498 904 populi
1519 838 1588 886 cum

350 923 525 990 deuotione
548 929 583 990 et
604 925 784 992 alacritate.
819 925 1067 993 Erubescebnnt
1084 928 1254 1010 ydolorum
1275 928 1433 994 cultores:
1457 925 1587 991 conluu-

349 1027 510 1094 debantur
538 1027 731 1095 confitentes
754 1029 787 1094 in
810 1030 968 1112 sculptili:
996 1032 1084 1097 etin
1108 1033 1219 1098 multis
1240 1032 1384 1113 regionis
1406 1031 1495 1096 illius
1515 1049 1588 1112 par·
1624 1045 1637 1086 ⁵

347 1133 436 1199 tibus
465 1131 645 1200 infidelium
674 1134 835 1215 depressa
858 1135 1073 1204 multitudine.
1104 1138 1209 1202 omnis
1238 1135 1394 1217 iniquitas
1422 1134 1590 1217 oppilabat
1677 1195 1681 1208 ,

349 1257 385 1304 os
408 1256 515 1304 snum.
1713 1231 1714 1236 ’

432 1349 516 1427 Raap.
560 1349 712 1427 Egregius
736 1355 794 1412 etc.
1072 1402 1232 1464 23617-21

431 1473 499 1514 aas.
543 1455 579 1512 In
601 1457 811 1517 ammiratione
834 1461 891 1516 etc.
955 1426 993 1451 Ε
1017 1424 1046 1482 p'
1236 1446 1243 1460 '

432 1549 542 1614 Lectio
562 1553 607 1616 ic.
651 1551 723 1617 Non
751 1553 903 1620 cessabat
931 1559 1039 1621 antem
1062 1552 1246 1620 indefessus
1280 1553 1442 1635 euangelij
1476 1554 1587 1636 predi·
1625 1571 1652 1614 ro
1713 1551 1714 1606 ἶ

348 1658 439 1720 cator
461 1655 647 1721 obstinatos
671 1657 879 1724 connincere:
902 1658 1000 1725 rudes
1016 1659 1196 1724 instruere:
1219 1659 1251 1723 in
1273 1656 1338 1724 dde
1360 1663 1494 1726 teneros
1516 1677 1590 1724 coo·

348 1759 488 1826 firmae.
543 1759 631 1824 Nihil
664 1759 744 1841 regij
777 1759 891 1828 laetus.
925 1762 1005 1828 nihil
1038 1762 1219 1844 tyrannidis
1249 1763 1280 1826 in
1310 1779 1389 1826 snos
1417 1763 1621 1828 exercebat·

349 1865 515 1930 subditos:
544 1863 694 1929 omnibns
723 1870 832 1931 autem
863 1867 1011 1948 exempla
1037 1866 1200 1948 prebebat
1226 1865 1419 1931 humilitatis
1445 1871 1479 1932 et
1499 1885 1588 1931 man-

349 1968 540 2035 suetudinis.
574 1968 776 2042 Prouidebat,
792 1969 889 2038 etiam
909 1989 949 2034 ne
967 1969 1092 2036 nobiles
1110 1973 1144 2034 et
1163 1971 1377 2052 potentiores.
1399 1969 1589 2036 humiliores

347 2074 609 2156 perpotentiam
632 2073 868 2154 opprimerent:
896 2073 987 2155 leges
1011 2071 1138 2139 diuinas
1161 2080 1195 2138 et
1216 2074 1374 2140 humanas
1398 2074 1481 2138 mira
1503 2074 1588 2156 sapi·
1624 2088 1650 2131 1⁵

349 2179 494 2246 antiret
521 2177 719 2242 discretione
742 2177 942 2258 compositas
970 2177 1117 2259 scripsit:
1146 2183 1181 2242 et
1201 2178 1438 2260 promulgarit:
1460 2179 1493 2243 in
1517 2178 1589 2259 qui-

347 2283 409 2348 bns
431 2282 483 2346 ius
503 2287 597 2347 snum
616 2280 804 2362 assignarit.
822 2287 978 2362 qnantum
997 2282 1096 2346 etiam
1114 2281 1229 2348 liceret
1240 2282 1376 2363 prelatis
1390 2283 1423 2347 in
1438 2281 1590 2346 subditos

349 2393 383 2452 et
411 2390 565 2467 quantam
593 2385 716 2452 subditi
745 2386 961 2452 reuerentiam
992 2385 1183 2454 exhiberent
1209 2403 1286 2466 erga
1311 2386 1466 2468 prelatos.
1490 2387 1590 2450 certis

346 2490 505 2556 limitibus
525 2491 696 2555 discredit:
720 2496 874 2570 tanquam
893 2491 1151 2556 modestissimus
1175 2496 1209 2556 et
1226 2491 1424 2572 equissimus
1450 2489 1589 2556 arbiter:
1713 2495 1714 2546 t

346 2595 556 2661 considerans
569 2594 759 2675 plerumque
776 2613 879 2676 reges.
899 2599 1065 2675 potestate
1081 2596 1143 2661 sibi
1162 2613 1317 2662 concessa
1329 2593 1472 2676 superbe
1495 2593 1587 2659 abuti
1622 2601 1650 2647 2⁰

346 2701 379 2765 in
407 2697 572 2764 subditos:
600 2697 707 2780 legum
735 2699 853 2780 rigore.
883 2700 1026 2780 regalem
1056 2701 1200 2768 coercuit
1228 2718 1264 2765 ac
1287 2698 1466 2762 refrenanit
1487 2697 1589 2763 licen-

344 2803 434 2868 tiam.
477 2802 515 2867 ln
537 2801 588 2867 his
617 2801 716 2882 igitur
742 2802 869 2882 legibus
893 2803 974 2868 satis
997 2805 1100 2871 claret
1121 2821 1218 2885 quarn
1241 2802 1390 2868 solicitus
1413 2819 1491 2882 erga
1511 2801 1590 2866 reli·
1654 2811 1658 2818 ’
1712 2841 1713 2846 =

346 2909 485 2987 monem.
509 2923 605 2987 quam
625 2905 785 2986 benignus
802 2924 885 2985 erga
903 2907 1081 2988 proximum
1099 2925 1156 2971 rex
1172 2909 1236 2973 iste
1248 2907 1411 2986 gloriosus
1433 2905 1589 2971 extiterit.

431 3019 516 3092 Hesp.
560 3018 624 3077 Rex
646 3003 771 3077 inclitus
795 3023 852 3076 etc.

432 3140 501 3180 aare.
545 3121 643 3182 Felici
666 3127 724 3180 etc.

433 3245 501 3284 vars.
546 3224 675 3284 Corona.

863 3029 876 3182 ξ
903 3089 941 3112 =
963 3086 994 3143 p.
1017 3063 1211 3144 2363348ιλ
1623 3117 1650 3164 25
1711 3083 1712 3126 p

898 3363 1034 3433 Laudes.

434 3535 491 3584 ont.
535 3525 610 3586 Post
630 3530 759 3584 mortm
781 3529 839 3586 etc.
1056 3525 1058 3530 '

434 3640 491 3688 ont.
534 3629 701 3705 implorata
723 3635 780 3688 etc.
1256 3695 1257 3700 ἵ
1709 3671 1710 3688 2

355 3717 357 3722 ,
435 3745 493 3794 ont·
534 3733 583 3795 ad
607 3731 864 3813 sepulcrnmsto.
935 3535 1018 4010 ξε
1041 3751 1072 3808 p.
1096 3729 1243 3790 2382-ss
1624 3758 1652 3803 30

433 3849 490 3896 unt.
535 3838 725 3896 Adolescens
750 3842 807 3896 etc.

434 3953 490 4000 ont.
535 3941 664 4014 Quidam
687 3939 832 4000 sacerdos
857 3945 914 3998 etc.

813 4113 917 4196 Super
940 4116 1122 4180 benedictus

435 4265 492 4314 ont.
536 4255 708 4331 Imperator
729 4271 840 4330 means
864 4260 922 4316 eto.
947 4275 985 4302 =
1009 4275 1039 4332 p.
1063 4250 1234 4314 2378043.

835 4427 877 4494 1a
899 4426 934 4511 tj.
955 4432 1104 4512 vesperis.
1624 4455 1650 4501 eo

434 4572 523 4650 Super
542 4571 695 4644 rrrwnificot
714 4579 769 4628 nat.
810 4539 906 4630 Hodie
924 4572 1083 4645 preciosus
1103 4576 1217 4646 martyr
1234 4575 1292 4630 eto.
1311 4593 1350 4618 =
1368 4591 1399 4648 p.
1412 4573 1590 4672 233130-15,
