3508 5426
283 427 449 487 maroam
466 435 521 490 os,
532 420 769 487 ramesmere
786 421 912 482 auam
930 423 1245 486 uoawaamnsronr.
1346 429 1382 498 15

146 623 222 704 Cap.
247 621 333 686 Vlll.
379 619 472 698 Quod
495 617 616 682 Olenus
638 615 820 698 repatrians
848 607 1024 696 assumpsit
1052 633 1165 681 seeum
1195 613 1384 698 episcopum

151 737 154 746 ’
208 727 368 807 quendam
394 729 429 790 et·
451 724 533 806 alios
555 721 726 802 religiosos
747 721 833 786 viros
856 719 898 784 ad
919 719 1162 801 praedicandum
1185 721 1320 788 verbum

579 827 641 892 Dei
662 825 957 906 Nornegiensibns.

229 967 350 1032 Olavus
375 963 504 1030 auditis·
518 961 569 1027 his
592 961 717 1026 nauelis
737 959 875 1026 eredidit
898 961 954 1040 eis,
978 967 1091 1044 utpote
1115 961 1280 1028 avunculis
1305 963 1386 1044 suis;

98 1073 112 1117 ⁵
146 1073 327 1138 accelerato
350 1069 481 1149 negotio
504 1067 694 1150 paratisque
726 1065 863 1131 navibus
896 1067 1035 1148 sumpsit
1069 1085 1180 1134 secum
1201 1068 1289 1132 viros
1312 1067 1386 1132 reli-

143 1179 266 1258 giosos,
290 1175 485 1256 Signardum
505 1171 656 1238 videlieet
679 1169 880 1254 episcopum,
905 1173 960 1254 qui
985 1171 1108 1238 adhoc
1132 1173 1238 1254 ipsum
1259 1173 1386 1238 ordina·

143 1287 194 1347 tus
220 1281 338 1361 fuerat,
360 1286 398 1344 ut
420 1275 571 1361 gentibus
595 1275 790 1360 praedicaret
811 1277 946 1342 verbum
960 1277 1030 1358 Dei,
1051 1284 1085 1344 et
1103 1277 1273 1343 nonnullos
1293 1279 1383 1358 allos,

144 1405 227 1468 quos
251 1385 373 1452 babere
396 1403 507 1452 secum
526 1387 671 1465 poterat,
693 1380 945 1447 Theobrandum
967 1383 1194 1466 presbyterum
1207 1381 1386 1449 Flandren-

142 1508 222 1572 sem,
247 1509 309 1558 neo
331 1509 395 1556 non
420 1497 454 1556 et
476 1490 574 1554 alium
596 1487 821 1567 Thermonem,
844 1487 1068 1572 presbyterum
1087 1489 1194 1568 etiam,
1218 1489 1332 1555 habuit
1352 1494 1387 1554 et

82 1606 110 1652 10
139 1593 304 1663 'diaconos
339 1597 474 1678 aliquos
535 1593 602 1658 Iam
636 1596 721 1660 euim
755 1595 804 1662 vir
838 1592 893 1660 ille
925 1593 1031 1659 bonos
1069 1593 1316 1676 praemeditatus
1351 1613 1386 1662 se

140 1699 249 1766 modis
273 1699 420 1766 omnibus
441 1698 675 1780 laboraturum,
693 1707 731 1766 ut
753 1697 883 1766 Christo
914 1705 1017 1766 totam
1049 1706 1169 1764 terram
1200 1701 1389 1783 subjugaret

140 1807 189 1872 vel
213 1805 427 1872 omnimodis¹
449 1805 585 1888 paganis
604 1824 668 1872 non
684 1807 867 1888 imperaret,
887 1812 1019 1871 secutus
1040 1806 1072 1870 in
1092 1805 1155 1871 hoo
1169 1805 1388 1872 Iovinianum²

138 1909 431 1995 prudentissimum
451 1911 561 1990 virum,
585 1912 639 1992 qui
664 1930 746 1992 eum,
767 1909 913 1976 Romano
937 1909 1081 1976 exercitu
1105 1911 1190 1994 apud
1214 1911 1330 1977 Persas
1345 1911 1387 1976 ¹in

139 2019 284 2083 maximo
316 2017 462 2100 periculo
485 2017 675 2096 constituto,
700 2035 719 2080 a
742 2013 898 2082 militibus
928 2021 1100 2098 ¹peteretur
1131 2017 1171 2082 ad
1203 2017 1385 2099 imperium,

80 2141 107 2185 ιι
140 2111 374 2188 incunctanter
405 2121 591 2205 respondit:
625 2121 714 2186 nullo
749 2120 844 2186 modo
875 2138 910 2186 se
940 2121 1077 2204 paganis
1108 2122 1269 2204 imperare
1291 2123 1385 2187 velle.

138 2227 288 2292 Iulianus
315 2245 393 2292 vero
417 2225 541 2292 Christi·
565 2225 699 2308 perfuga
722 2232 756 2292 et
778 2245 818 2291 ex
839 2225 1039 2292 subdiacono
1075 2235 1174 2309 atque
1209 2227 1385 2293 christiano

138 2330 388 2398 infelicissimus
412 2337 562 2415 apostata
585 2331 623 2396 et
640 2338 832 2413 perseeutor
854 2333 993 2397 nominis
1016 2331 1192 2412 christiani,
1219 2333 1274 2414 qui
1298 2337 1331 2398 et
1353 2333 1385 2397 iu

139 2439 259 2503 eadem
283 2437 490 2519 expeditione
513 2436 673 2516 Parthica,
697 2441 733 2501 ut
755 2441 896 2503 testatur
919 2435 1034 2503 beatus
1058 2435 1283 2520 Hieronymus,
1307 2436 1387 2502 sen⁸

212 2701 218 2732 ¹
245 2700 272 2750 S.
292 2699 434 2750 omnimodo
457 2697 492 2750 K.
527 2700 539 2730 ²
565 2702 615 2752 As.
634 2703 656 2751 A
675 2702 750 2752 heri
772 2701 889 2751 Roudon:
917 2700 974 2764 lege
995 2700 1138 2764 Iovianum,
1165 2701 1266 2752 hrilket
1289 2701 1315 2751 K
1337 2702 1385 2752 har

138 2794 255 2854 opteget.
293 2787 371 2838 8Δὸ.
390 2790 414 2838 A
431 2789 478 2838 har
495 2789 503 2837 i
520 2789 639 2840 Randan:
657 2790 714 2854 lege
732 2795 865 2866 septem,
883 2787 983 2840 hvilket
1001 2788 1026 2839 K
1045 2790 1093 2840 har
1110 2795 1223 2855 optagst.

228 2969 257 3024 5.
283 2965 413 3040 sumpsit
432 2959 546 3036 seeum]
561 2967 614 3024 ofr.
628 2945 728 3042 Agrip
741 2967 779 3024 36
790 2989 797 3023 :
809 2966 892 3040 hafpi
910 2965 977 3040 mep
991 2985 1040 3024 ser
1054 2967 1290 3044 Sigurpbvsoop
1305 2988 1338 3025 er
1353 2967 1388 3026 til

137 3071 212 3146 [ress
236 3091 293 3130 var
310 3069 399 3146 ngpr
421 3073 453 3126 at
473 3069 553 3146 bopa
573 3070 673 3144 loporu
686 3069 761 3148 gupa
774 3072 879 3129 nafnn.
900 3091 936 3130 oo
949 3090 987 3128 eu
1002 3091 1156 3150 meoquera
1178 3073 1386 3148 laerpamenu.

136 3159 332 3252 Paugbraud
354 3179 441 3250 prest
463 3195 499 3234 oe
519 3155 655 3249 I³ormop
678 3195 713 3234 oo
738 3197 775 3234 eu
798 3195 936 3252 necquer
960 3175 1061 3236 dioon.

227 3282 256 3338 9.
302 3272 536 3356 Theobrandus]
560 3299 627 3337 maa
650 3301 727 3339 vaere
751 3281 949 3339 Forkortelse
973 3282 1007 3340 af
1023 3281 1263 3342 Theodbrandus
1277 3278 1389 3356 (Beot-

137 3385 241 3458 braut,
266 3378 452 3458 Dietbraut),
476 3385 603 3462 ligesom
624 3385 783 3445 Theobald
804 3389 853 3445 for
872 3387 1090 3461 Theodebald3
1112 3387 1188 3444 hans
1209 3386 1294 3444 Navn
1317 3387 1388 3446 blev

137 3493 170 3550 af
189 3489 433 3566 Isleendiugerne
456 3492 611 3566 gjeugivet
633 3474 847 3570 Paugbrandm
871 3512 937 3550 som
958 3512 1026 3550 man
1049 3493 1105 3550 har
1133 3496 1258 3568 autaget
1286 3493 1334 3551 for
1355 3498 1387 3550 at

137 3597 285 3672 gjengiw
316 3598 347 3651 et
372 3595 433 3653 oht.
464 3592 649 3654 Dankbrant
682 3590 794 3672 (findas
816 3597 899 3670 ikke,
936 3617 968 3655 se
1002 3596 1221 3656 Forstemanns
1243 3597 1389 3656 Namens-

136 3701 223 3760 buoh
245 3701 270 3772 I,
296 3701 374 3758 1149
397 3695 452 3773 ff).

230 3807 260 3863 9.
304 3797 513 3880 Flaudreusis]
548 3806 615 3864 Deo
644 3805 800 3864 islandske
834 3806 992 3865 Traditiou
1023 3799 1231 3882 (Kristuisaga
1253 3806 1325 3883 Cap.
1353 3803 1383 3880 5)
1478 3885 1481 3890 Ι

138 3911 231 3968 Iader
253 3908 323 3967 ham
344 3927 424 3972 veere
450 3907 531 3980 ,Son
554 3911 586 3968 af
607 3911 687 3970 Grau
709 3911 829 3968 Vilbald
842 3911 885 3969 *af
904 3908 1064 3969 Bi·eman“.

235 4015 281 4072 12.
336 4009 523 4086 Iovinianus]
559 4015 650 4072 Dette
680 4015 766 4073 Nasu
791 4015 886 4080 'farer
906 4017 1052 4074 Joviauus
1086 4019 1215 4094 hyppigt
1246 4019 1256 4074 i
1290 4018 1382 4076 midd.

140 4119 278 4177 Skrit'tsr
299 4118 320 4176 f.
343 4117 399 4175 Ex.
428 4118 483 4176 hos
511 4119 599 4196 Hugo
629 4121 661 4178 af
682 4119 711 4179 S.
736 4121 841 4180 Viator
864 4113 1116 4197 (Exaerptiouom
1139 4122 1216 4194 VIII,
1241 4121 1314 4198 (lap.
1338 4121 1384 4194 4),

138 4221 310 4280 Ekkehard
333 4224 343 4279 i
373 4222 484 4282 Chaon.
514 4225 687 4282 universale
711 4217 766 4300 (M.
780 4225 815 4284 G.
830 4225 893 4286 Ser.
919 4227 968 4298 VI,
993 4220 1076 4302 115),
1101 4226 1172 4286 Otto
1196 4228 1227 4284 al
1248 4227 1382 4286 Freisiu·

139 4345 202 4402 gon
226 4319 280 4402 (Μ.
306 4327 341 4385 G.
365 4327 430 4385 Sor.
452 4327 517 4400 XX,
542 4322 637 4403 201).Ι
912 4348 914 4352 ·

232 4432 279 4488 18.
323 4431 433 4490 beatus
456 4426 670 4509 Hieronymus]
696 4435 750 4492 afr.
773 4435 948 4512 Hieronymi
973 4456 1069 4512 opera
1090 4456 1150 4494 reo.
1174 4438 1201 4495 J.
1225 4437 1256 4494 P.
1280 4438 1383 4514 Miguo

140 4528 256 4609 (1846)
272 4536 295 4606 Ι,
318 4537 391 4594 166ι
414 4535 555 4596 Julianus
571 4539 727 4615 Augustus
749 4545 897 4616 septem
918 4541 1014 4600 libros
1037 4543 1069 4598 in
1092 4542 1287 4617 expeditione
1309 4542 1382 4601 Par-

138 4639 227 4697 thica
248 4639 395 4700 adversus
416 4641 569 4702 Christum
600 4648 733 4702 evomuit
763 4650 794 4702 st
822 4649 912 4720 juxta
938 4645 1057 4704 tabulas
1086 4651 1246 4723 poetaram
1269 4665 1326 4708 suo
1350 4640 1382 4707 ae

49 4781 51 4784 -
141 4763 218 4800 ause
240 4744 396 4803 laceravit.
