3508 5426
189 449 192 453 ,
289 395 456 448 HISTORIA
474 395 521 446 DE
540 393 777 454 amublnnun
794 395 917 448 REGUM
936 393 1249 446 Nouwseffluslurn.
1349 393 1383 456 11

146 581 282 648 oonsilio
307 581 457 664 predicti
479 583 697 664 rcgisDncise,
711 584 765 666 qui
783 599 857 648 aum
876 581 1046 660 nutrierat,
1062 579 1240 660 instigante
1259 582 1295 643 et
1310 593 1387 659 pro-

148 685 243 752 dente
263 687 399 754 Hocnne
422 688 555 763 comite¹
578 687 643 754 fitia
665 685 829 770 Signandi,
854 687 908 769 qui
932 685 1177 766 cognominatus
1201 689 1252 750 est
1274 682 1387 760 matus,

147 809 240 872 quem
262 798 340 874 post
359 792 618 859 interiectionem
630 792 788 876 ibyggra⁹
802 793 905 874 patris
919 789 1013 856 Olari
1032 789 1116 856 idem
1134 789 1296 855 Haraldus
1315 807 1387 869 gra-
1435 843 1457 876 ⁸

144 896 264 962 ielder³
286 917 352 964 una
375 917 446 963 cum
470 903 573 964 matrs
596 904 630 963 et
652 897 808 986 iratribus
838 899 946 964 multis
978 897 1071 962 malis
1098 895 1257 961 afflixerat
1284 899 1318 960 et
1347 894 1387 960 ad

98 1008 112 1053 ⁵
147 1003 355 1084 quarendum
379 1003 550 1084 puerulum
574 1003 708 1070 Otavum
734 1009 895 1084 coegerat.
951 1003 1012 1082 Qui
1031 1008 1107 1086 past
1126 1001 1387 1067 interiectionem

143 1107 250 1189 patris
266 1109 316 1172 sui
330 1109 492 1191 Tryggva⁴
508 1110 559 1174 vix
577 1127 719 1192 unquam
739 1115 810 1176 tuto
828 1110 931 1174 latere
950 1111 1082 1190 poterat
1100 1111 1237 1189 proptor
1252 1105 1387 1170 insidias

146 1211 336 1294 Gunniidar,
360 1232 431 1296 quae
444 1215 617 1280 verebatur
638 1216 727 1281 iilum
741 1233 965 1282 successorem
987 1211 1228 1295 ragnifitiorum
1246 1227 1387 1288 suorum,

144 1317 310 1400 Tryggve⁵
331 1320 452 1402 quippe
474 1326 570 1402 pater
591 1323 661 1404 ejas
684 1321 722 1385 de
755 1309 862 1402 ¹stirpe
897 1319 995 1401 regia,
1029 1322 1145 1400 utpote
1178 1315 1262 1381 fitius
1295 1313 1388 1380 Otavt

143 1421 204 1516 filii
238 1423 373 1488 Haratdi
407 1425 621 1507 benecomati,
653 1445 785 1507 regnum
822 1427 1008 1491 obtinuerat
1045 1423 1078 1488 in
1111 1422 1280 1506 superiore
1314 1437 1389 1504 pro·

83 1541 111 1585 1⁰
144 1528 262 1606 vincia,
286 1547 383 1611 quam
406 1530 653 1614 Noruagienses
675 1531 807 1614 Uplond
830 1537 955 1598 vocant.

518 1719 595 1803 Cap.
621 1719 656 1784 V.
700 1717 749 1783 De
772 1717 907 1783 Hancne
931 1717 1025 1783 malo.

200 1889 202 1894 ·
234 1869 349 1935 Hocon
371 1887 448 1935 vero
471 1871 788 1953 predictueadjutus
813 1887 919 1950 arege
933 1869 1098 1935 Dannrum
1112 1868 1256 1933 Haratdo
1280 1885 1393 1948 supra-

84 2015 111 2061 15
145 1981 341 2053 memorato,
362 1979 458 2057 pacto
482 1977 567 2040 inter
590 1994 645 2041 eos
679 1977 857 2042 constituto
881 1967 1076 2056 buJusmod'i,
1100 1974 1212 2056 uiginti
1243 1971 1395 2037 videlicet
1424 1993 1427 2000 ’

144 2080 325 2162 accipitres
348 2081 582 2162 persolvendos
605 2081 739 2162 singulis
763 2083 865 2161 annis,
890 2084 924 2145 et
946 2082 974 2144 si
995 2080 1080 2145 forta
1104 2080 1213 2162 aliqua
1235 2079 1393 2144 bellorum

144 2185 333 2250 necessitas
355 2187 514 2268 ingruerit
533 2187 600 2266 regi
614 2188 789 2267 Danornm,
813 2187 912 2252 istum
935 2187 1047 2250 statim
1071 2203 1141 2251 cum
1166 2203 1226 2250 sun
1250 2183 1395 2250 exercitu

144 2291 393 2370 auxiliaturum,
417 2293 515 2357 rediit
543 2293 575 2358 iu
609 2292 810 2374 Noruagiam
845 2307 915 2356 cum
949 2310 1047 2356 manu
1079 2291 1187 2356 valida
1218 2291 1394 2371 fugataque

146 2395 317 2463 Gothrotb
347 2395 414 2461 tilio
447 2397 618 2463 Gannildae
652 2399 741 2464 sotus
764 2397 906 2488 obtinuit
927 2413 1059 2478 regnum
1089 2397 1269 2478 Noruogioe
1300 2395 1393 2460 annis

84 2521 113 2568 ao
148 2501 298 2584 triginta,
322 2501 447 2566 tamen⁶
478 2503 549 2569 sine
582 2505 671 2584 regio
704 2503 844 2569 nomine.
888 2502 1052 2568 Haraldus
1087 2521 1144 2568 rex
1173 2502 1284 2567 Daniae
1317 2505 1394 2567 tunc

145 2608 309 2689 temporis
329 2606 467 2672 timebat
499 2608 595 2674 vaide
619 2609 789 2674 Ottonem⁷
808 2606 1131 2674 ·christianissimnm⁸
1152 2607 1394 2689 imperatorem,

145 2715 201 2795 qui
228 2713 260 2778 ei
284 2730 381 2778 suave
403 2714 514 2796 jugum
539 2713 660 2780 Christi
695 2715 861 2796 imponere
885 2714 1090 2796 disponebat,
1125 2713 1211 2795 quod
1247 2711 1390 2778 etfacit.

142 2821 216 2885 Iste
242 2823 295 2882 est
330 2817 418 2898 Otto,
452 2820 502 2885 vir
532 2819 748 2901 probissimus
782 2825 815 2884 et
848 2821 878 2884 iu
914 2817 1175 2901 praeclarissimis
1207 2818 1285 2882 uiris
1314 2836 1394 2899 prae·
1421 2826 1423 2830 '

143 2924 382 3004 stantissimus,
407 2925 461 3006 qui
485 2925 656 2990 ecclesiam
680 2943 874 3007 omnemque
898 2926 1019 2991 clerum
1043 2926 1117 3007 plus
1149 2923 1332 2990 honorabat
1362 2925 1395 2987 et

80 3057 109 3102 aa
142 3049 240 3115 paene
264 3029 339 3110 plns
362 3029 488 3095 ditabat
510 3049 606 3111 quam
630 3030 807 3112 expediret,
831 3031 999 3098 subdendo
1019 3032 1049 3096 ei
1071 3029 1271 3115 pheodatos⁹
1294 3028 1393 3093 duces

178 3219 185 3248 ¹
207 3216 271 3268 ΔΚ.
289 3221 386 3268 comate
405 3219 433 3278 (t)
452 3217 478 3268 S.
514 3213 660 3284 *Tryggya
678 3215 734 3268 ΔΚ.
754 3217 900 3285 TrpggiaS.
922 3219 1025 3272 ³rattet.
1038 3217 1224 3272 GraieldrAK.
1235 3213 1393 3268 Grafald'rfl.

141 3307 153 3338 ⁴
171 3311 256 3359 rettet
275 3307 330 3368 (her
348 3321 381 3370 og
398 3305 530 3370 nedanfor)
548 3304 666 3374 Tryggpa
683 3305 770 3358 ΑΚΒ.
792 3307 951 3370 (Origiuulcu
967 3308 1024 3359 -hau
1051 3307 1154 3358 vistnok
1170 3307 1210 3358 ior
1234 3311 1261 3358 at
1286 3305 1394 3368 bstegne
1520 3287 1522 3292 ¹

141 3414 157 3445 v
175 3397 260 3459 brugt
278 3410 305 3464 p,
322 3393 423 3444 hrilket
442 3409 474 3444 eu
490 3393 623 3444 Aiakrirsr
639 3395 686 3444 bar
703 3394 761 3444 laest
778 3411 832 3445 som
849 3395 884 3464 y).
920 3396 1033 3446 ⁵rottet.
1052 3395 1170 3464 Tryggya
1186 3393 1264 3447 ΑΚΒ.
1310 3391 1394 3442 ⁶AK.

141 3490 231 3534 tamen
250 3497 302 3533 non
321 3482 345 3532 S.
383 3481 461 3532 ἈΚ
484 3480 610 3546 (uveralt).
633 3483 771 3532 Otthoncm
792 3483 843 3535 BS.
863 3485 992 3548 (oueralt).
1031 3483 1117 3538 8ΑΚ.
1135 3483 1349 3532 christianismum
1368 3479 1395 3535 S.

142 3571 234 3623 ’ΔΚ
255 3570 293 3634 (K
311 3571 423 3623 tilsaier:
442 3569 557 3634 feudatos
576 3585 621 3620 scu
640 3571 766 3634 vasallos).
786 3571 927 3636 phcudator
946 3573 972 3627 S.

232 3751 260 3806 5.
308 3748 347 3806 ad
370 3725 567 3823 quarendum
590 3748 753 3823 puerulum
777 3748 902 3808 Oiavum
926 3741 1085 3825 coegerat]
1117 3749 1170 3808 nir.
1209 3746 1278 3806 odd
1299 3745 1394 3804 Muuk
1428 3739 1430 3744 ’

143 3849 293 3926 (Muuchs
315 3847 407 3928 ung.)
431 3851 505 3929 Gap.
529 3855 558 3911 4.

233 3958 285 4014 14.
329 3949 467 4032 adjutus]
498 3959 551 4016 cfr.
576 3939 823 4034 agapus-*aa
869 3961 975 4018 Hooon
997 3959 1055 4016 iaul
1076 3955 1165 4032 (drap
1188 3959 1281 4034 begar
1311 3957 1394 4016 Gull·

142 4057 257 4122 ha'rsld
275 4056 395 4139 oc)uan
420 4062 588 4138 svaNorsg
608 4065 709 4122 undar
730 4068 773 4123 sic
796 4065 863 4140 mab
888 4070 954 4124 scat
976 4065 1052 4142 gildi
1075 4064 1127 4138 uip
1149 4063 1236 4122 Dana
1258 4063 1391 4140 konung.

236 4171 284 4227 15.
329 4169 436 4244 viginti
459 4160 636 4244 accipitres]
661 4188 782 4228 naernes
805 4171 954 4246 ligeledes
970 4173 996 4228 ‘i
1017 4170 1313 4245 Jdmsvtkingasaga,
1331 4168 1393 4226 der

141 4275 238 4333 loder'
268 4273 394 4332 Haakon
427 4273 529 4332 lesere
565 4275 604 4332 ob
637 4273 724 4350 Hpge
758 4275 807 4334 for
839 4278 867 4334 3·
890 4275 952 4334 Aar
986 4269 1085 4350 (an.
1110 4275 1140 4333 S.
1163 4275 1216 4347 xl,
1240 4275 1302 4345 26),
1325 4275 1407 4332 sml.·

143 4381 303 4456 Gjossing,
326 4379 567 4455 Kongesegaens
590 4378 761 4438 Fremraext
781 4381 820 4452 ΙΙ,
844 4383 882 4438 64
906 4400 946 4456 og
967 4381 1042 4438 hans
1062 4381 1361 4456 Jomsvtktngaoaga
1380 4381 1393 4439 i

140 4483 503 4552 latinskoversoettelse
524 4485 556 4542 af
574 4486 717 4560 Arngrr‘m
738 4487 883 4559 Jansson‚
906 4487 1031 4544 Fortala
1054 4485 1084 4544 S.
1108 4486 1187 4544 XIII.

232 4591 283 4649 25.
326 4581 514 4666 pheodabus]
537 4611 576 4636 τ·
599 4590 771 4664 pheodolis,
799 4591 943 4664 vass-lius,
983 4593 1053 4671 ¹‚qui
1087 4593 1206 4650 ratione
1233 4591 1320 4651 feudi
1353 4591 1390 4649 ab

143 4695 206 4756 alio
231 4689 367 4770 pendet“
394 4688 579 4770 (Dncauga).
977 4685 982 4694 ’
