3524 5424
362 377 402 442 46
787 377 985 432 monulus
999 375 1162 432 Mottom

359 565 435 642 post
468 561 542 626 lnine
572 561 683 643 elapso
707 567 856 643 tempore
886 579 1009 628 memor
1032 562 1167 641 Magnus
1197 581 1253 628 rex
1285 561 1484 643 injuriarum,
1518 577 1600 642 queo

362 667 683 732 exercuerantllani
712 667 746 732 in
773 685 866 748 reges
899 666 1087 747 Nereine,
1122 669 1318 747 congregata
1355 665 1459 732 elenae
1492 670 1599 732 teten-

363 771 411 836 dit
431 771 464 835 in
487 770 621 838 Daciam
644 771 855 852 pervenitque
880 771 919 836 ad
943 770 1075 848 insulas,
1100 787 1179 852 quae
1202 785 1261 836 nos
1292 769 1483 852 Brennojar¹
1507 787 1601 836 voee-

363 893 442 954 mus,
473 875 528 940 ubi
558 879 634 940 tuno
663 875 791 942 obviam
818 875 932 942 habuit
960 873 1100 941 Harthal
1126 875 1215 940 Kuut
1247 873 1349 940 filium
1378 874 1508 953 Kanuti,
1539 874 1601 940 lra-

360 985 443 1046 trem
466 978 649 1046 Sueinonie.
693 979 850 1046 Videntea
877 980 988 1062 itaque
1014 965 1188 1061 prinoipea,
1219 997 1314 1060 reges
1336 967 1600 1046 adolenoentuloa
1646 986 1656 1034 ⁵

361 1083 457 1150 laeile
479 1101 578 1166 posse
599 1084 747 1150 inalineri
770 1085 802 1150 in
830 1085 1009 1166 quamlibet
1035 1089 1172 1165 partem,
1202 1084 1376 1165 potiusque
1406 1085 1470 1151 sibi
1498 1085 1602 1167 impu·

360 1189 495 1254 tandum
519 1189 674 1270 quiequid
696 1207 868 1270 perperam
892 1195 1036 1270 agerent,
1058 1193 1186 1254 mutant
1214 1190 1247 1263 in
1276 1189 1392 1256 melina
1422 1190 1602 1268 eonsilium,

361 1293 540 1358 tractanda
561 1293 651 1374 penis
679 1294 795 1361 meunt
812 1293 928 1360 foedus
951 1293 1011 1360 tuli
1039 1295 1211 1375 proposita
1236 1295 1431 1374 conditione,
1464 1299 1503 1360 ut
1529 1299 1603 1360 utar

361 1415 473 1479 regum
515 1398 585 1464 nina
627 1402 716 1464 terto
755 1397 878 1464 herede
910 1433 953 1446 -
984 1399 1048 1464 hoo
1083 1403 1143 1477 ost,
1179 1399 1276 1480 prole
1309 1399 1431 1466 ventris
1466 1399 1518 1464 sui
1560 1424 1607 1448 -2

360 1502 450 1584 prior
470 1502 621 1568 humanis
649 1504 747 1570 renue
776 1503 983 1584 abseesserit,
1011 1503 1163 1569 residuus
1184 1509 1358 1586 utrumque
1381 1521 1519 1585 regnum
1541 1505 1600 1570 ob·
1634 1515 1657 1560 ¹0

360 1607 465 1674 tinent
494 1607 565 1674 sine
596 1608 662 1672 ulla
695 1608 961 1675 contradictione.
1016 1608 1133 1689 sicque
1165 1609 1205 1674 alu
1236 1610 1373 1674 invicem
1403 1626 1467 1674 non
1496 1608 1602 1674 solnm

362 1711 551 1790 concordes,
574 1731 684 1778 verum
708 1713 807 1778 etiam
831 1712 1020 1778 amicissimi
1043 1713 1226 1800 diocedunt.

363 1917 441 2000 Gap.
463 1918 582 1986 XXIII.
625 1917 674 1982 De
703 1923 800 1999 putto
830 1918 917 1998 quod
939 1917 1061 1984 laetum
1084 1923 1136 1984 est
1165 1919 1249 1984 inter
1276 1918 1429 1984 Gerulum
1451 1935 1605 1998 magnum

821 2027 855 2088 et
876 2021 1009 2088 fratrem
1033 2039 1136 2088 suum.

446 2191 519 2256 Non
536 2179 632 2272 lenge
651 2208 669 2262 a
687 2193 783 2270 paeto
803 2187 889 2270 quod
909 2189 1034 2272 pepigit
1057 2189 1204 2270 Careiae,
1228 2191 1283 2272 qui
1302 2194 1420 2272 postea
1441 2190 1482 2254 ob
1506 2189 1603 2270 iusig-
1635 2209 1659 2254 1⁵

363 2311 421 2361 nes
445 2295 598 2359 victorias
621 2299 654 2358 et
676 2311 800 2358 morum
819 2294 1007 2375 probitates
1031 2294 1136 2360 dietus
1159 2299 1209 2360 est
1233 2313 1378 2376 magone,
1410 2312 1480 2358 oum
1506 2293 1604 2358 Oaro-

362 2397 512 2463 lomenno
536 2400 669 2474 seniore
686 2397 803 2462 iratre³
832 2417 901 2465 suo.
947 2397 1010 2476 Qui
1032 2403 1142 2464 tamen
1166 2397 1434 2466 (leurolomennus⁴
1456 2403 1534 2479 post
1555 2397 1604 2462 bi·

363 2503 491 2568 ennium
512 2503 676 2568 hominem
696 2502 810 2582 exuit⁵,
833 2502 956 2568 relictis
980 2503 1105 2568 duobus
1127 2503 1203 2568 filiis
1227 2504 1304 2583 suis,
1330 2521 1411 2585 quos
1435 2519 1604 2568 assumens

363 2626 442 2672 uxor
459 2609 527 2688 ejus
550 2625 622 2688 quae
645 2607 753 2672 fuerat
772 2608 916 2690 profugit
938 2609 1223 2675 feminoalevitate
1245 2609 1284 2674 ad
1298 2607 1534 2689 Luiprandunn⁶
1557 2626 1606 2672 ne-

439 2815 500 2867 ¹S.
519 2818 662 2869 Brenunrar
680 2818 736 2867 ΛΒ.
757 2843 759 2849 ·
780 2817 921 2868 Brennniar
938 2821 972 2870 K.
1017 2816 1132 2868 ἈΒΚ
1153 2820 1240 2870 Harha
1258 2820 1285 2870 S.
1333 2813 1419 2869 ’Aa
1437 2825 1508 2882 patre
1527 2816 1559 2876 (ll
1576 2817 1607 2866 Κ.

344 2901 449 2978 ,4Κᾶ
468 2905 683 2956 Carolunmennun
702 2907 735 2955 A.
772 2901 876 2956 ‘rettet
894 2907 901 2954 i
920 2907 980 2956 ΑΚ,
999 2909 1062 2958 exiit
1080 2905 1132 2958 As.
1169 2903 1251 2958 ‘Aa
1271 2904 1453 2970 Luitprnr'adnrn
1472 2905 1504 2954 K.

372 3099 467 3156 quone
488 3081 558 3138 uetr
579 3077 664 3134 laudi
686 3081 765 3136 stunt
795 3078 901 3154 lergom
931 3079 1031 3154 stipat
1052 3075 1209 3138 unionem
1226 3077 1489 3156 gobomeipomoo
1502 3075 1608 3134 orietni
1656 3119 1659 3128 .

371 3189 467 3244 staret
495 3183 533 3258 ba
562 3183 684 3240 mintise
710 3182 790 3240 hann
819 3202 838 3240 a
865 3184 1042 3259 rwngrnndi
1071 3183 1128 3258 par
1154 3203 1189 3244 er
1216 3184 1267 3257 nil)
1288 3182 1384 3256 fabor
1405 3182 1481 3240 hane
1508 3180 1606 3253 haripo

370 3290 461 3364 uoluit
484 3309 554 3364 garn.
582 3308 617 3346 oc
640 3287 705 3344 holt
726 3287 781 3346 her
802 3287 839 3344 til
860 3287 1047 3346 Danmaroar
1077 3309 1111 3347 er
1144 3289 1220 3348 aller
1252 3307 1328 3346 uoro
1362 3285 1496 3344 fullfusir
1533 3280 1609 3342 furit

370 3395 505 3453 hefnnda
534 3413 631 3451 eaoar.
687 3391 733 3449 Eu
762 3390 801 3465 ba
827 3410 884 3448 uar
913 3391 1024 3450 Sveinn
1052 3393 1100 3450 fra
1127 3393 1234 3452 fallinn
1256 3393 1267 3448 i
1289 3391 1460 3450 Danmoroo
1491 3407 1528 3447 oo
1558 3380 1610 3446 sva

370 3499 469 3558 Kuutr
485 3499 572 3573 saper
587 3498 665 3555 hana
687 3497 697 3552 i
720 3495 881 3572 Englandi.
904 3515 940 3553 oo
963 3495 1016 3569 rep
1035 3495 1074 3570 lua
1093 3495 1350 3555 farirDanmoroo
1369 3494 1482 3568 hropei·
1502 3494 1608 3553 Sveins

371 3603 479 3678 Harpa
499 3603 594 3661 knutr
626 3607 658 3658 at
686 3601 792 3660 nafnni
820 3620 856 3657 oo
885 3600 950 3657 holt
978 3599 1033 3658 her
1063 3595 1154 3658 amoti
1186 3599 1329 3675 Magnuai
1367 3619 1403 3658 oe
1436 3599 1567 3658 fundano
1599 3596 1609 3652 i

370 3709 581 3783 Brennayiom.
612 3709 679 3766 foro
707 3707 798 3764 uitrir
826 3724 916 3764 menn
950 3725 968 3762 a
1000 3704 1098 3778 melnal
1128 3725 1163 3764 oa
1191 3704 1291 3763 maelto
1314 3705 1350 3761 til
1378 3695 1484 3760 eattae·
1507 3732 1545 3742 -
1567 3729 1609 3742 -

372 3813 409 3886 pa
428 3805 518 3872 alanno
537 3813 603 3887 peir
622 3812 659 3886 po
679 3811 750 3870 mali
772 3810 839 3884 iba
862 3810 929 3868 anet
952 3815 983 3868 at
1003 3831 1036 3868 aa
1053 3808 1144 3888 beirna
1165 3829 1193 3866 ar
1211 3810 1286 3883 leupo
1306 3807 1367 3886 ὶξίρἰ
1383 3808 1470 3866 eooldi
1490 3817 1551 3864 tatu
1566 3803 1610 3882 αἰρ

371 3915 473 3993 ὀωροηι
494 3919 603 3974 landem
630 3937 666 3975 oo
688 3916 779 3974 hvtrr
802 3916 868 3973 eino
891 3913 950 3972 riki
972 3914 1047 3988 rapa
1067 3913 1174 3987 mepan
1196 3911 1286 3986 baluin
1304 3911 1372 3986 iifpi
1393 3911 1468 3986 pair.
1516 3911 1609 3985 Rigti·

371 4039 443 4096 geue
462 4022 620 4096 gjengires
641 4021 725 4078 deti
750 4019 787 4078 de
810 4019 1020 4095 vidtlaftigere
1034 4019 1162 4094 Sagaer:
1187 4018 1219 4076 el
1237 4016 1369 4092 Magnae
1390 4016 1533 4091 konungr
1557 4033 1609 4074 aa·

373 4125 477 4182 dadizt
505 4125 645 4182 tarnum
674 4145 702 4182 o.
731 4144 762 4182 s..
785 4144 812 4182 u.
844 4118 934 4192 (Flet.
964 4123 1016 4196 III,
1041 4123 1111 4193 263,
1131 4121 1268 4196 ,Fagrelo
1304 4123 1372 4191 12¹8,
1400 4115 1504 4181 Hekr.'
1526 4113 1609 4190 520).

370 4229 417 4287 En
451 4228 580 4304 uirlrelig
606 4228 682 4303 Krig
710 4228 761 4296 for
788 4227 927 4302 Forliget
947 4229 958 4284 i
979 4227 1178 4298 Bronuoerne
1209 4223 1337 4287 eantalee
1368 4224 1431 4294 kun
1461 4224 1608 4294 iFlato-

251 4391 253 4396 ,
370 4333 468 4409 began
494 4352 533 4408 og
554 4332 757 4409 Fagralrinna.

459 4440 507 4496 19.
549 4427 773 4511 Luiprandum]
800 4435 859 4516 „ad
881 4435 1155 4508 Desiderium;
1187 4434 1236 4492 hio
1270 4437 1403 4492 erratum
1429 4434 1461 4490 in
1487 4433 1607 4490 nomine

266 4523 270 4532 ’
371 4541 572 4616 Luidprandi.
615 4539 796 4598 Deiideriua
821 4560 881 4600 non
901 4540 1026 4600 'obsedit
1054 4559 1167 4618 papam
1194 4538 1306 4614 Papia,
1324 4542 1363 4602 ut
1385 4537 1433 4594 hio
1456 4532 1608 4594 asseritur

373 4635 480 4734 eontra
500 4643 591 4738 fidem
613 4640 801 4728 hiatoniam.“
826 4640 1065 4716 (JKirohmenn).
