3524 5424
383 418 424 480 24
807 409 1000 462 ruscumcr
1023 409 1186 464 uouaouu

312 604 314 610 ’
384 613 517 678 gressus
540 612 612 660 curu
635 592 852 676 septuaginta.
895 593 1039 658 Tandem
1061 611 1133 658 com
1157 592 1219 658 sibi
1248 593 1385 662 invicem
1415 596 1618 664 succedendo

385 707 419 765 et
441 716 572 780 semper
593 699 739 778 integros
762 715 821 777 pro
856 698 975 762 sauciis
1008 697 1212 762 restituendo
1241 716 1306 762 non
1339 703 1406 766 tam
1436 700 1539 766 rictus
1574 705 1621 766 est
1737 727 1738 810 p

386 804 547 870 exercitus
569 801 656 882 regis
680 802 784 866 nostri
806 820 903 882 quoru
926 806 1146 882 consumptus.
1202 801 1270 868 Nec
1302 802 1482 870 adversarii
1514 809 1620 868 tamen

383 911 583 974 incruentam
606 905 771 972 victoriam
795 909 1071 986 reportaverunt',
1100 924 1173 971 uam
1205 908 1450 974 strenuissimus
1483 909 1621 990 quisque

383 1017 442 1079 aut
462 1013 495 1076 iu
517 1011 604 1077 ballo
640 1010 803 1078 ceciderat
835 1017 892 1074 aut
925 1010 1067 1090 graviter
1099 1010 1287 1077 uulneratus
1322 1012 1529 1078 discesserat.
1575 1012 1621 1076 lbi
1651 1019 1661 1064 ⁵
1737 1089 1738 1100 χ

383 1124 459 1184 tuuc
481 1114 629 1198 quidam²
652 1116 764 1180 dicunt
785 1132 897 1194 regem
918 1115 1041 1195 scapha
1057 1117 1203 1182 evasisse
1226 1121 1260 1182 at
1282 1115 1323 1181 ob
1347 1116 1486 1182 salutern
1510 1117 1622 1182 anime
1737 1103 1738 1142 ³

383 1240 450 1286 sure
485 1224 613 1298 exteras
647 1220 796 1300 regiones
830 1219 951 1296 adisse,
986 1220 1116 1300 quidam
1152 1238 1228 1285 reru
1263 1220 1436 1287 loricatum
1468 1221 1502 1286 ia
1534 1240 1622 1288 mare
1733 1149 1738 1314 )

383 1324 553 1396 corruisse.
599 1323 685 1402 Quid
708 1324 822 1391 horum
844 1323 952 1388 verius
974 1325 1026 1402 sit,
1062 1342 1120 1390 nos
1155 1322 1316 1393 affirmare
1350 1343 1414 1390 uon
1450 1325 1622 1404 audemus3
1734 1317 1738 1376 i

383 1429 444 1495 hoc
465 1435 590 1494 tantum
614 1429 746 1494 credere
769 1428 928 1506 volumus,
962 1429 1046 1508 quod
1081 1436 1241 1508 perpetua
1273 1447 1354 1510 pace
1389 1447 1460 1494 cum
1495 1429 1622 1494 Christo
1736 1446 1738 1514 i

382 1534 516 1599 fruatur.
562 1533 632 1598 Hoc
658 1531 778 1597 betium
812 1531 874 1597 iuit
901 1532 994 1612 juxta
1016 1532 1164 1611 insulam,
1198 1551 1270 1614 quae
1305 1532 1424 1598 dicitur
1456 1532 1571 1598 Scold⁸
1592 1539 1623 1599 et
1652 1537 1675 1580 ¹⁰
1737 1543 1738 1586 ἲ

379 1640 469 1721 jacet
490 1655 593 1720 prope
617 1637 766 1715 Slariam,
790 1653 886 1718 quam
917 1625 975 1701 uos
1005 1643 1151 1700 materna
1182 1637 1290 1718 lingua
1320 1637 1623 1703 Vinniaudiam⁴
1737 1679 1738 1700 i

383 1760 544 1809 vocamus.
587 1742 624 1806 In
648 1741 762 1806 eodem
785 1740 871 1806 bello
884 1741 998 1806 Ericus
1020 1741 1108 1804 vovit
1131 1758 1167 1804 se
1190 1742 1400 1807 christianum
1415 1743 1494 1821 iore,
1514 1743 1542 1807 si
1561 1745 1624 1808 ric·

383 1847 500 1912 toriam
524 1845 767 1927 adipisceretur,
791 1847 877 1927 quod
901 1850 935 1909 et
957 1862 1058 1927 opere
1080 1846 1235 1927 implevit.
1279 1843 1414 1912 Pactum
1438 1866 1514 1912 vero
1541 1849 1624 1914 iuter

383 1952 475 2034 ipsos
510 1949 677 2033 ejusmodi,
695 1947 801 2031 'rages
834 1947 988 2015 videlicet
1020 1954 1053 2012 et
1086 1947 1225 2030 Erioum,
1260 1953 1474 2018 constitutum
1507 1951 1622 2032 fuerat,

382 2062 419 2120 ut
441 2057 469 2120 si
499 2061 635 2137 possent
668 2053 769 2122 Olaro
803 2072 937 2136 regnum
971 2051 1107 2131 auferre,
1142 2053 1366 2136 unusquisque
1400 2057 1499 2121 tertia
1530 2059 1621 2140 parte
1652 2053 1675 2098 ¹⁵

267 2205 270 2208 -
381 2162 551 2242 potiretur.
605 2159 757 2241 Suscepit
790 2177 866 2240 ergo
901 2157 1014 2222 Ericus
1050 2157 1130 2222 duas
1163 2163 1275 2239 partes
1307 2161 1399 2239 regni
1432 2164 1621 2243 (suppresso

381 2272 489 2331 tumen
503 2265 593 2346 regio
606 2265 745 2336 nomine,
768 2264 854 2328 sicut
874 2268 909 2327 et
929 2267 1024 2344 pater
1046 2261 1256 2343 eiusiuerat),
1280 2265 1426 2345 eoquod
1447 2266 1622 2331 rerDaciae

381 2367 503 2434 Sueiuo
530 2369 692 2434 concessit
712 2366 758 2432 illi
781 2365 925 2450 partem⁵
946 2383 1036 2430 suam
1060 2373 1158 2430 causa
1174 2363 1250 2431 filiae
1274 2385 1458 2449 suae‚quarn
1484 2369 1621 2456 despuu-

382 2479 511 2539 saverat
534 2474 574 2538 ei.
619 2472 741 2539 Olavus
763 2490 840 2537 vero
863 2490 920 2536 rex
942 2469 1083 2538 Srethi'ae
1106 2471 1344 2537 commendarit
1372 2479 1500 2555 partem
1533 2494 1621 2540 suam

381 2578 538 2646 Sucinoni
561 2577 652 2647 tratri
677 2577 774 2643 Erici.
818 2576 935 2642 Paucis
960 2575 1077 2642 deiude
1097 2578 1272 2642 transactis
1294 2579 1389 2644 aunis
1411 2580 1524 2662 coepit
1543 2579 1621 2660 inpi·
1652 2572 1678 2616 ²⁰

382 2685 461 2748 dere
482 2682 574 2750 fratri
597 2683 694 2750 Erico
718 2682 849 2760 Susino,
874 2680 1023 2763 eoquod
1048 2679 1103 2745 ille
1127 2681 1206 2748 duas
1238 2682 1374 2748 haberet
1401 2689 1513 2767 partes
1542 2685 1621 2752 Nor·

381 2788 499 2868 nagia,
522 2788 592 2870 ipse
618 2791 763 2854 veromet
785 2787 914 2852 tertiam
937 2791 1065 2852 tantum
1088 2791 1120 2852 et
1144 2786 1232 2853 ittam
1257 2789 1527 2856 commendatam.
1554 2789 1621 2854 Eri·

381 2910 438 2958 cus
462 2891 586 2960 autem⁶
613 2892 694 2973 justi
728 2897 827 2958 tenax
860 2909 938 2971 erga
970 2889 1103 2956 fratrem
1135 2890 1241 2954 noluit
1273 2889 1454 2958 fratricidio
1489 2912 1620 2974 regnum

450 3126 457 3156 ¹
488 3126 545 3180 ΔΚ.
562 3129 726 3190 reportarunt
743 3127 768 3177 8.
819 3128 904 3178 ‘AR
930 3128 1031 3192 quidam
1057 3101 1086 3182 8.
1130 3126 1245 3178 ’ΝΜ
1263 3127 1343 3180 siole
1361 3128 1463 3184 toxo.
1507 3130 1620 3181 ⁴rrttar.

380 3215 542 3268 Ualentiam
558 3217 589 3268 B.
615 3214 794 3266 Uumlaudiam
819 3218 852 3270 A.
877 3215 1058 3268 Vumlandiam
1084 3214 1119 3268 Κ.
1137 3214 1328 3266 Wumlaudiam
1355 3217 1382 3270 8.
1426 3217 1512 3268 ⁵AK.
1530 3218 1621 3280 partim

378 3303 405 3357 8.
442 3302 528 3358 ⁶A1t.
548 3320 571 3357 a.
590 3303 616 3354 8.

407 3505 410 3510 ¹
464 3533 491 3588 1.
537 3521 745 3608 septuaginta]
780 3531 896 3605 aiviger
919 3531 965 3586 fra
992 3529 1176 3587 Hellarstain
1201 3526 1300 3601 (an.
1332 3531 1361 3588 S.
1392 3532 1430 3603 ΙΙ,
1460 3533 1633 3590 sla—18:-

379 3639 417 3694 60
442 3637 533 3704 -t-15
557 3632 591 3706 -Ι-
619 3639 635 3693 5
661 3657 699 3685 =
723 3631 776 3706 80)
798 3653 838 3710 og
859 3635 937 3694 Hist.
961 3633 1051 3692 Norv.
1076 3629 1129 3706 (30
1155 3635 1190 3702 -i-
1217 3636 1255 3696 30
1280 3634 1317 3702 ·Ι-
1345 3638 1381 3694 11
1406 3655 1445 3680 ==
1470 3633 1534 3707 71).

463 3741 490 3798 ὅ.
523 3731 660 3817 quidam]
675 3740 729 3798 cir.
742 3719 842 3816 Agrip
853 3741 910 3798 40:
936 3739 1043 3798 Sumor
1054 3758 1143 3798 mauu
1159 3747 1229 3815 geta
1241 3740 1320 3798 hanu
1334 3740 1428 3798 abati
1444 3741 1536 3798 bravt
1551 3739 1619 3798 haia

378 3847 507 3904 comitae
531 3864 567 3904 oc
591 3846 722 3920 sagiaat
743 3844 823 3902 hann
848 3833 908 3900 irafi
930 3845 1011 3900 uerit
1034 3863 1109 3902 senn
1134 3843 1241 3917 ripario
1264 3847 1274 3902 i
1297 3843 1432 3905 munclifi
1451 3863 1616 3922 uocquoro.

376 3969 395 4007 a
415 3950 529 4008 iorsala
551 3949 645 4006 laudi.
695 3948 743 4006 En
766 3968 869 4006 eumer
890 3953 961 4023 geta
984 3952 1015 4004 at
1037 3948 1116 4005 haun
1140 3947 1201 4006 hafi
1222 3949 1299 4006 irrir
1320 3948 1397 4022 borp
1419 3949 1508 4008 fallit.
1552 3947 1616 4008 unu

375 4054 483 4112 hvaeiri
506 4073 540 4114 er
561 4053 605 4112 lifi
626 4053 702 4111 hana
726 4052 823 4112 haifar
846 4052 908 4110 lvct
931 4051 969 4125 pa
990 4071 1024 4110 ar
1045 4051 1097 4125 pat
1118 4041 1246 4112 lichilict
1271 4058 1302 4110 at
1324 4051 1385 4127 gap
1414 4053 1475 4110 hafi
1506 4054 1614 4132 aplane.
1736 4119 1737 4124 η

461 4160 510 4218 10.
555 4148 663 4232 Scold]
687 4176 781 4234 ogsaa
802 4151 1041 4231 hosOdd(Oap.
1066 4158 1104 4214 53
1123 4152 1167 4228 ff.)
1190 4176 1230 4232 og
1252 4157 1366 4216 Snorre
1389 4150 1494 4231 (Hskr.
1516 4145 1615 4229 206³)

375 4283 413 4324 on
436 4257 470 4332 ss,
495 4263 620 4321 madens
646 4262 740 4336 „fyrir
763 4261 908 4347 Scaldrar
937 4258 1056 4334 myoni“
1092 4263 1103 4318 i
1137 4260 1230 4330 Sicula
1263 4261 1521 4328 Thorsteinssons
1544 4263 1614 4320 Vera
1736 4243 1737 4308 i

375 4363 480 4438 (Hskr.
500 4356 603 4438 211³³i
616 4385 725 4442 passer
746 4365 842 4423 hadre
865 4364 900 4421 til
925 4365 994 4436 „irin
1013 4361 1142 4424 Svoldr“
1166 4360 1282 4440 (Knytl.
1296 4385 1320 4424 o.
1345 4361 1429 4436 112),
1455 4367 1613 4436 „Scaldrar

374 4468 464 4546 ra‘ogr‘⁴
480 4469 666 4545 (Flaccum,
681 4464 766 4542 522),
790 4487 830 4543 og
842 4467 950 4528 Saxo’s
965 4473 1092 4546 „portus
1106 4466 1301 4528 Sraldausis“
1316 4466 1378 4544 (ed.
1390 4469 1478 4528 Muli.
1490 4490 1521 4546 p.
1533 4463 1611 4540 874).

459 4577 508 4633 22.
554 4564 780 4648 commendare]
806 4573 943 4650 „pradia
963 4573 1011 4632 vel
1033 4573 1127 4632 feuda
1148 4573 1187 4630 ad
1219 4576 1311 4632 vitam
1340 4575 1390 4633 vel
1423 4573 1463 4634 ad
1496 4579 1610 4650 tempus

372 4679 490 4738 utenda
510 4679 601 4738 alicui
624 4674 825 4750 concedere¹‘,
849 4681 916 4752 gire
939 4680 950 4736 i
971 4677 1035 4736 Len
1059 4670 1166 4750 (nidd.
1191 4675 1268 4748 lat).
