3448 5428
1289 409 1351 473 273

112 590 288 658 licentiam.
336 588 373 656 In
399 589 464 656 illis
484 589 611 671 legibus
636 587 748 669 claret,
772 606 865 671 qvam
889 588 1048 670 benignus
1071 607 1149 671 erga
1170 591 1350 672 proximum

113 697 178 762 Rex
201 695 362 778 gloriosus
385 695 539 760 extiterit.

195 800 302 866 Lectio
326 797 349 864 Ι
355 799 388 864 V.
443 800 607 882 Explicari
650 799 757 866 verbis
789 817 852 864 non
887 802 1007 881 potest,
1041 803 1163 880 qvanta
1195 799 1352 867 beneficia

111 905 240 989 populis
262 905 326 971 illis
349 905 419 970 Rex
440 905 716 987 saepenominatus
748 904 895 984 contulit,
924 905 1091 987 quantam¹
1123 904 1247 988 profuit
1275 907 1351 972 dum

65 1020 78 1063 ⁵
112 1010 241 1094 praefuit
273 1015 307 1076 et
339 1011 371 1075 in
407 1009 613 1076 multitudine
641 1010 747 1090 legum
772 1009 860 1074 etin
884 1010 1149 1075 substentatione
1172 1028 1350 1094 pauperum

111 1121 145 1182 et
166 1116 361 1182 assiduitate
383 1113 642 1198 praedicationis'
664 1119 698 1180 ct
721 1114 869 1196 exemplo
892 1133 960 1180 suar
982 1115 1194 1182 sanctissimae
1218 1135 1351 1186 couver-

111 1221 257 1292 sationis.
303 1220 367 1286 Sed
391 1240 409 1287 e
432 1239 589 1287 converso
611 1237 787 1302 perpessus
812 1226 864 1285 est
886 1219 926 1285 ab
950 1222 998 1286 eis
1020 1220 1251 1290 tribulationes
1269 1225 1352 1290 mul·

109 1331 161 1392 tas
191 1333 226 1393 et
253 1326 364 1402 malas,
395 1327 502 1393 donec
525 1326 652 1392 illorum
677 1324 876 1390 multitudini
898 1327 1055 1391 resistere
1078 1345 1142 1392 non
1165 1329 1277 1395 valens
1299 1347 1352 1396 se·

111 1432 213 1498 cessit
244 1432 277 1498 in
306 1431 468 1512 Rusciam,
503 1436 696 1513 oportunum
729 1434 820 1494 ratus
851 1429 966 1496 cedere
995 1433 1145 1514 tempori,
1170 1433 1274 1500 donec
1296 1453 1353 1502 vo·

49 1541 77 1585 ¹0
111 1538 230 1604 luntati
254 1555 322 1602 suae
350 1555 388 1602 ac
409 1537 578 1619 proposito
601 1541 731 1618 tempus
753 1535 905 1601 idoneum
929 1537 1087 1602 Dominus
1112 1537 1260 1605 conterre
1283 1539 1352 1622 dig·

109 1647 254 1708 naretur.
308 1641 436 1708 Nemini
468 1642 577 1708 veniat
603 1642 635 1706 in
660 1646 811 1720 mentem,
834 1641 1044 1708 fortissimum
1070 1647 1104 1708 et
1127 1645 1354 1712 constantissi-

110 1765 199 1812 mum
223 1745 341 1812 Christi
371 1747 537 1828 athletam,
566 1752 603 1812 ut
633 1751 687 1812 est
713 1746 910 1812 infirmitatis
934 1747 1092 1830 humanae,
1117 1749 1255 1816 cessisse
1278 1767 1353 1832 per·

110 1853 261 1919 territum
298 1858 385 1918 metu
418 1853 591 1933 passionis,
624 1852 676 1932 qvi
710 1851 952 1934 saepenumero⁸
983 1855 1130 1935 passioni
1164 1872 1200 1920 se
1235 1861 1353 1939 sponte

112 1959 287 2042 objecerat,
315 1958 400 2022 sicut
421 1956 468 2022 rei
492 1957 597 2022 exitus
621 1960 655 2021 et
675 1957 778 2037 ipsius
800 1957 929 2023 illustre
952 1959 1139 2040 martyrium
1163 1959 1350 2027 declaravit.
1435 1957 1438 1962 ’

48 2064 76 2107 ¹⁵
112 2064 256 2130 Utilitati
285 2062 421 2128 aliorum
453 2061 656 2144 oportuniori
685 2079 721 2126 se
743 2063 921 2128 reservavit
943 2065 1082 2145 tempori
1107 2063 1247 2147 qvando⁴
1268 2065 1354 2132 fruc·

111 2177 165 2236 tus
206 2169 376 2235 uberiores
417 2165 569 2231 exhibere
606 2166 743 2231 Domino
784 2173 818 2232 et
854 2169 1012 2234 talentum
1048 2170 1108 2235 sibi
1146 2171 1352 2236 commissum

112 2273 287 2358 multiplici
309 2273 475 2353 resignare
497 2275 613 2352 posset
635 2289 706 2335 cum
730 2287 837 2334 usura.

198 2379 309 2446 Lectio
338 2377 373 2443 V.
419 2375 627 2442 Clarissimus
650 2376 749 2455 igitur
765 2374 884 2441 Christi
905 2381 1026 2460 martyr
1043 2379 1164 2445 Clarus
1186 2381 1354 2462 ingrersus

110 2485 279 2564 Rusciam,
311 2503 329 2548 a
355 2481 520 2550 Jacellavo
543 2480 688 2564 ejusdem
711 2481 885 2562 provincia
909 2482 998 2562 Rege
1021 2483 1190 2565 magnifico
1213 2487 1355 2568 gloriose

46 2602 76 2646 20
112 2593 289 2672 susceptus
323 2592 356 2654 et
388 2588 421 2652 in
454 2587 580 2652 honore
610 2585 812 2668 amplissimo
841 2587 992 2667 qvamdin
1020 2589 1065 2654 ibi
1095 2591 1214 2657 morari
1243 2592 1354 2672 voluit,

110 2696 247 2764 habitus
281 2697 339 2761 est.
395 2691 459 2758 Ubi
488 2709 552 2756 non
584 2707 683 2772 parvo
707 2695 856 2771 tempore
879 2692 1063 2758 demoratus
1085 2694 1256 2762 honestam
1279 2697 1355 2762 ritae

110 2801 253 2866 iormam
277 2803 312 2863 et
339 2815 408 2862 suae
438 2795 615 2877 religionis,
643 2795 798 2875 caritatis,
820 2796 1031 2877 benignitatis
1055 2804 1089 2865 et
1108 2801 1278 2882 patientiae
1302 2817 1354 2870 ce*

109 2906 206 2972 lehre
235 2903 469 2968 monimentum
499 2900 613 2966 incolis
643 2900 782 2981 reliqvit.
838 2902 985 2984 Deniqve
1009 2904 1163 2970 decoctus
1185 2908 1260 2988 igue
1280 2927 1355 2989 per·

110 3007 293 3078 secationis
311 3011 344 3071 et
361 3006 447 3072 exilii
467 3011 502 3070 et
523 3005 735 3087 acceptabilis
757 3005 907 3071 inventus
931 3013 965 3072 et
986 3008 1132 3088 idoneus,
1157 3012 1209 3093 qvi
1232 3013 1357 3094 majora

44 3123 74 3167 2⁵
111 3111 294 3180 certamina
316 3116 430 3193 posset
451 3110 615 3176 sustinere
638 3110 746 3176 divino
769 3111 948 3192 inspiratus
971 3113 1135 3195 instinctu,
1157 3135 1218 3198 per
1232 3117 1356 3183 Svsciae

109 3219 196 3284 fines
232 3217 273 3283 ad
306 3216 439 3298 propria
467 3216 634 3280 remearit.
687 3215 752 3281 Ubi
785 3216 906 3281 collata
933 3216 995 3283 sibi
1021 3220 1203 3286 aDomino
1233 3222 1356 3288 habun-

111 3325 266 3390 dantiore
295 3323 409 3402 gratia,
432 3341 451 3384 a
473 3319 584 3384 multis
609 3337 679 3384 cum
704 3337 818 3400 magno
842 3325 1015 3404 susceptus
1040 3325 1212 3406 desiderio,
1237 3328 1357 3408 gratio-

110 3446 171 3494 sus
204 3431 239 3491 et
269 3424 422 3507 optabilis
445 3424 547 3504 bonis,
576 3424 739 3489 verendus
764 3429 798 3490 et
820 3427 976 3492 terribilis
1001 3431 1152 3510 appamit
1175 3425 1254 3498 sane
1279 3433 1357 3498 dcc-

109 3534 210 3600 trinoe
241 3530 446 3596 adversariis.
484 3529 631 3594 ⁵lndutus
652 3528 752 3610 igitur
779 3530 881 3594 lorica
903 3530 978 3596 fidei
1001 3537 1034 3597 et
1056 3534 1221 3602 accinctus
1245 3538 1356 3619 gladio

41 3660 73 3704 eo
113 3637 255 3719 spiritus
279 3633 364 3717 qvod
388 3638 438 3698 est
459 3631 593 3698 verbum
615 3633 686 3712 Dei,
715 3633 930 3715 perinfamis
953 3637 1126 3703 ethoram
1149 3639 1277 3722 famam,
1300 3661 1361 3724 per

108 3741 252 3824 gloriam
287 3743 322 3804 et
352 3737 600 3820 ignobilitatem,
632 3756 692 3819 per
725 3757 814 3802 arma
832 3738 969 3820 justitiae
993 3762 1012 3806 a
1036 3743 1158 3810 dextris
1183 3751 1218 3811 et
1240 3765 1259 3812 a
1281 3747 1359 3812 sini·

109 3848 204 3927 sirie,
238 3849 351 3911 orator
385 3843 534 3924 egregius
556 3840 633 3907 fidei
656 3841 788 3907 verbum
813 3850 1003 3911 constanter
1024 3848 1142 3930 ubiqve
1165 3851 1198 3915 in
1222 3852 1275 3917 via
1297 3853 1357 3918 Dei

111 3948 367 4028 disseminabat,
394 3951 529 4028 paratus
559 3964 617 4028 pro
641 3945 771 4012 Christo
799 3950 870 4030 pati
900 3951 1060 4031 quaslibet
1087 3955 1359 4038 persecutiones⁶,

110 4052 295 4138 objiciebat
323 4071 358 4116 se
387 4057 503 4132 sponte
531 4052 693 4132 periculis,
725 4055 912 4136 martyrium
942 4071 979 4120 se
1002 4057 1071 4122 Deo
1094 4057 1277 4140 placuisset
1305 4079 1358 4127 su·

39 4182 71 4225 ao
110 4162 245 4243 scipere
267 4176 330 4223 non
354 4174 517 4221 recusans.

201 4263 311 4327 Lectio
343 4260 392 4326 VI
403 4261 423 4326 ⁷.
467 4260 511 4325 Et
532 4263 681 4342 qvoniam
705 4263 821 4342 dignus
845 4268 894 4328 cst
918 4268 1086 4345 operarius
1111 4270 1262 4336 mercede
1285 4288 1354 4350 sua,

107 4369 251 4436 tandem
274 4367 412 4432 Domino
442 4365 565 4446 placuit
594 4369 773 4448 agonistam
804 4385 896 4433 suum
925 4369 965 4435 de
996 4389 1127 4438 carcere
1150 4374 1255 4439 carnis
1279 4375 1357 4440 edu·

186 4607 195 4640 ¹
217 4609 271 4673 „ita
288 4611 338 4667 est3
357 4606 456 4670 corrige
474 4603 610 4668 qrantum“
630 4605 671 4668 (Δ.
689 4607 745 4670 Mt.
788 4607 863 4658 'her
879 4609 1009 4676 begynder
1026 4609 1054 4664 C.
1107 4609 1118 4640 ⁸
1135 4612 1163 4666 C.
1182 4627 1354 4676 saepemunero

107 4701 141 4754 Δ,
181 4694 332 4760 ⁴qronianr
350 4695 378 4749 C.
415 4693 489 4742 ⁶hm·
505 4692 635 4760 begynder
653 4693 684 4749 It.
702 4693 740 4745 VI
757 4696 766 4746 i
784 4695 812 4746 C.
848 4695 937 4760 ⁰mgl,
956 4699 987 4748 Δ.
1022 4697 1080 4749 'In
1099 4697 1178 4832 Ἷῖῐὸἱ
1198 4702 1226 4751 0.
