3524 5424
302 425 471 476 mosomus
487 425 536 474 os
553 411 795 504 munumina·
807 425 931 475 manu
949 423 1261 475 noawnomusmu.
1346 429 1387 488 43

152 614 298 690 quatuor.
342 609 435 675 Beda
467 626 607 690 sequeus
636 608 830 674 Hebraicam
859 609 1030 674 vamtatem
1061 607 1174 674 desem
1208 613 1242 674 et
1273 626 1388 674 novem

152 731 251 778 annos
282 714 388 780 minus
412 715 506 796 ponit
527 713 678 793 Eusebio,
707 714 740 778 id
768 714 842 794 est',
870 715 934 778 tria
957 712 1056 778 millia
1080 711 1276 792 nongentos²
1298 714 1390 794 quiu-

153 820 309 900 quegiota
330 819 424 884 dnos.
474 818 568 883 Hunc
590 819 739 899 sequitur
761 818 928 902 Remigius
952 817 1231 883 Autisiodorensis
1263 817 1388 898 episco-

151 941 220 1004 pus,
251 924 301 986 vir
327 924 360 988 iu
387 923 506 988 literali
537 923 676 988 scientia
706 923 843 1004 adplene
872 924 1058 1003 instructus,
1081 941 1142 987 nan
1164 923 1196 986 in
1219 939 1282 986 uno
1305 939 1389 986 anno

111 1035 123 1080 5
154 1029 191 1093 ab
224 1046 265 1093 eo
280 1089 282 1092 .
296 1028 501 1092 dissentiens.
553 1026 648 1108 Hugo
672 1046 801 1109 quoque
823 1028 1015 1094 Panisiensis
1037 1026 1225 1104 canonieus,
1248 1027 1387 1090 omnium

149 1132 270 1214 judioio
303 1133 429 1213 absque
462 1132 530 1196 ulla
561 1131 780 1212 refragatione
811 1131 1079 1214 diligentissimus
1111 1135 1279 1210 tractator,
1313 1131 1389 1196 bea·

152 1243 219 1302 tum
247 1236 480 1320 Hieronymum
510 1255 529 1301 o
561 1237 701 1318 vestigio
731 1241 874 1315 secutus,
907 1241 943 1300 ut
969 1237 1002 1300 in
1038 1235 1190 1301 chronica
1220 1253 1279 1301 sua
1308 1237 1388 1301 satis

153 1343 268 1421 elucet,
300 1341 495 1408 Hebraioam
527 1341 561 1405 in
595 1341 743 1406 omnibus
775 1340 910 1423 praefert
943 1342 1124 1406 veritatem.
1177 1341 1260 1406 Sunt
1291 1341 1390 1422 igitur

151 1447 331 1538 pecundum
362 1446 592 1528 Hieronymum
624 1451 658 1510 et
690 1447 872 1525 veritatem,
906 1463 1002 1527 quam
1036 1446 1109 1528 ipse
1141 1445 1390 1526 diligentissime

96 1555 122 1600 ¹⁰
154 1553 190 1618 de
222 1551 395 1618 Hebraicis
429 1550 574 1616 tontibus
603 1550 722 1631 elicuit,
757 1552 831 1616 anni
864 1551 904 1616 ab
933 1550 1035 1615 Adam
1065 1551 1107 1614 ad
1135 1550 1300 1616 Christum
1328 1549 1392 1614 tria

153 1656 255 1721 millia
276 1655 431 1737 nongenti
453 1656 695 1737 quinquagenta
717 1654 805 1721 dno&
848 1655 929 1722 Hoc
957 1654 997 1720 de
1020 1656 1207 1722 diversitate
1231 1655 1389 1741 paloulan-

153 1763 234 1826 tium
255 1760 344 1826 diota
366 1759 536 1825 sufficiant.
829 1763 836 1776 ’

238 1865 408 1944 Quomodo
441 1882 518 1930 vero
551 1881 624 1930 mox
657 1865 862 1948 omnipotens
891 1865 981 1930 Deus
1013 1866 1128 1930 merita
1160 1866 1311 1947 martyris
1342 1867 1392 1930 sni

154 1971 247 2037 Olavi
261 1969 476 2036 declaraverit
494 1970 588 2035 oaeois
611 1972 715 2035 visum
737 1969 902 2037 reddendo
926 1975 959 2035 et
981 1970 1081 2034 multa
1104 1971 1273 2036 commoda
1297 1971 1391 2052 aegris

96 2075 121 2120 ¹⁵
154 2075 354 2162 mortalibus
382 2073 611 2157 impendendo,
642 2081 675 2140 et
709 2075 849 2156 qualiter
881 2076 1052 2157 episeopus
1088 2073 1233 2140 Grimkel
1264 2109 1307 2122 —
1338 2075 1392 2157 qui

153 2182 217 2247 init
242 2179 328 2246 filius
358 2179 467 2246 fratris
490 2179 646 2260 Sigwardi
678 2180 830 2261 episcopi,
863 2199 957 2262 quem
982 2179 1103 2246 (llavus
1127 2179 1211 2245 filius
1234 2179 1394 2261 Tryggva⁴

153 2305 266 2353 seeum
296 2284 476 2350 adduxerat
497 2283 537 2350 de
560 2285 675 2364 Anglia
698 2321 736 2332 -
760 2290 836 2380 post
859 2303 977 2350 annum
1001 2289 1035 2350 et
1057 2286 1199 2367 quinque
1222 2284 1292 2350 dies
1315 2285 1393 2350 bea·

226 2513 235 2542 ¹
255 2515 315 2570 ΔΚ.
333 2517 392 2581 mgl.
411 2516 436 2567 H
470 2511 544 2566 ¹118.
563 2519 698 2581 nongentis
717 2517 750 2567 A.
788 2511 867 2568 'As
887 2517 894 2566 i
912 2517 1033 2567 Raudan:
1052 2518 1213 2582 septuaginta
1232 2533 1317 2579 unum,
1336 2517 1399 2566 hvil-

154 2607 197 2657 ket
225 2607 251 2656 K
271 2613 381 2671 optager
397 2607 404 2654 i
422 2605 523 2654 Taxian
542 2607 550 2654 i
571 2603 709 2656 Klammer.
745 2601 856 2656 ⁴rattet
891 2607 1014 2670 Tryggya
1031 2606 1064 2655 A.
1082 2605 1197 2669 Tryggia
1214 2603 1240 2656 S.

240 2822 271 2878 1.
316 2813 416 2893 Beda]
440 2820 505 2878 sml.
530 2819 615 2881 Beda
638 2819 676 2878 de
698 2819 890 2894 temporibus
913 2820 985 2896 Gap.
1003 2822 1058 2879 22:
1083 2820 1230 2878 Dominus
1246 2819 1399 2891 -nasoitur,
1432 2871 1436 2880 .

157 2925 321 3002 eompletis
336 2924 388 2982 'ab
419 2923 515 2984 Adam
539 2925 625 2984 annis
649 2923 940 2996 Mmmncooottt,
961 2928 1051 3001 juxta
1073 2925 1150 2984 alios
1173 2918 1218 2996 (οἱ
1243 2923 1281 2980 70
1307 2925 1401 2980 inter·

156 3023 278 3106 protes)
302 3029 597 3090 MMMMMGXGIX.

244 3137 272 3194 3.
317 3128 490 3211 Remigius]
510 3153 565 3194 vat·
586 3134 794 3210 ikkoBiskop‚
818 3150 886 3192 men
899 3135 1107 3194 Scholastions
1131 3136 1142 3193 i
1164 3135 1300 3192 Auxerra
1325 3129 1356 3206 (†
1375 3155 1400 3192 o.

158 3238 253 3313 908);
289 3239 350 3298 han
378 3241 466 3298 uides
500 3239 598 3307 heller
626 3237 699 3298 ikke
726 3243 758 3297 at
788 3239 862 3298 have
893 3239 1024 3298 skrevet·
1040 3243 1134 3316 noget
1155 3239 1304 3297 historiale
1327 3238 1402 3296 aller

94 3410 100 3418 ,
159 3343 381 3420 ohnonologisk
404 3345 548 3403 Arbeido.
732 3401 733 3404 ,
930 3371 933 3378 ’
1144 3333 1148 3340 ’
1372 3405 1377 3418 ,

246 3450 296 3508 13.
341 3441 465 3525 merita]
478 3451 531 3508 eir.
544 3448 603 3525 leg.
620 3446 699 3525 Saga
717 3451 790 3508 100:
815 3449 898 3524 „pam
916 3449 992 3508 urdo
1008 3451 1070 3524 fyst
1085 3449 1253 3523 iamaeignir
1275 3452 1307 3505 at
1328 3447 1401 3504 hasi-

158 3551 283 3631 laglaeik
297 3553 381 3612 Olais'
400 3553 538 3628 konongs
558 3559 590 3611 at
607 3553 731 3613 biinndr
754 3553 835 3611 metir
856 3553 894 3628 po
912 3573 993 3629 augu
1016 3557 1060 3612 siu
1083 3556 1093 3611 i
1115 3559 1205 3612 veina
1228 3551 1279 3627 bui
1297 3571 1331 3608 er
1353 3571 1403 3608 sar
1505 3611 1507 3618 ,

157 3659 237 3717 hans
261 3677 336 3718 varo
361 3659 477 3734 bveegin
499 3661 517 3716 i.
552 3658 599 3716 En
623 3677 657 3716 sa
678 3658 745 3716 seeo
768 3659 862 3735 begar
885 3679 940 3734 syn
963 3661 1039 3718 sina.
1083 3658 1141 3718 Lik
1155 3657 1239 3716 Olals
1261 3655 1402 3730 konungs

158 3763 190 3821 la
212 3765 223 3822 i
244 3763 331 3822 iardu
352 3765 374 3838 ij
398 3765 520 3822 misaeri
542 3781 577 3822 oo
600 3781 621 3821 v
642 3759 739 3838 ¹tinga“
765 3756 812 3836 (oi
833 3765 881 3822 fre
903 3763 1059 3822 dedolati
1073 3763 1154 3822 1030
1177 3761 1213 3819 til
1237 3761 1307 3819 edio
1328 3762 1402 3834 Aug.

160 3864 269 3940 1031).
314 3867 459 3927 Dersitar
479 3868 627 3940 berettus,
660 3872 691 3925 at
713 3867 803 3944 Ligat
823 3869 896 3926 loom
916 3888 960 3944 op
984 3869 1016 3926 ai
1036 3869 1085 3942 sig
1107 3866 1181 3937 sela,
1202 3865 1275 3924 bles
1296 3866 1404 3940 bagra-

160 3978 213 4032 vet·
235 3975 320 4048 igjen
352 3992 392 4048 og
422 3974 500 4031 efter
522 3975 540 4030 9
565 3971 649 4050 Dage
670 3972 740 4030 koni
764 3991 804 4049 op
826 3975 911 4050 igjen
936 3992 974 4044 „a
995 3973 1160 4047 snudingar
1182 3971 1252 4046 degi
1276 3969 1404 4046 Stepha-

159 4097 220 4136 nus
244 4095 282 4135 oo
302 4077 396 4151 punina
416 4078 518 4153 ielaga
539 4073 587 4150 (ot
611 4077 681 4135 3die
703 4069 864 4152 Augusti).
899 4097 953 4148 „oo
976 4077 1032 4135 tols
1052 4076 1092 4151 pa
1114 4074 1268 4136 Grimkmll
1289 4061 1411 4151 bistrup¹⁴¹

160 4182 252 4240 linem
276 4180 361 4242 Olafs
383 4182 523 4258 konongs
549 4201 585 4239 or
604 4177 718 4240 iarbn“.
1096 4205 1108 4228 κ

249 4287 299 4344 16.
343 4286 423 4344 filins
447 4278 566 4362 irati-is]
602 4283 671 4345 odd
693 4279 941 4363 harrime'ligvis
970 4287 1126 4362 gjengivet
1155 4285 1239 4342 datto
1263 4283 1341 4356 mod,
1374 4288 1405 4343 at

161 4391 301 4451 Grimkel
332 4411 385 4450 var
414 4391 542 4468 Sigurds
569 4385 704 4466 „nepoa“
731 4387 920 4463 (Brodersutn
944 4392 1020 4449 aller
1047 4386 1238 4462 Sestersen),
1261 4389 1307 4446 thi
1331 4389 1405 4460 „avia

163 4497 251 4570 segir
271 4495 375 4554 braidir
396 4493 490 4565 Oddr,
514 4499 545 4552 at
568 4493 715 4554 Grimlroll
737 4495 861 4570 bislmp,
886 4497 921 4554 sir
943 4515 977 4552 en
997 4515 1052 4554 var
1073 4495 1138 4552 med
1160 4495 1263 4551 irinum
1284 4493 1405 4570 beilega
1432 4517 1435 4522 ·

163 4579 249 4658 Olafi
278 4599 478 4674 Haraldssyni
508 4599 548 4658 ok
579 4597 651 4660 endi
672 4598 856 4658 krisbindtim
878 4600 889 4655 i
911 4599 1034 4675 Noregi,
1058 4601 1130 4657 vauri
1153 4602 1314 4678 aysturson
1339 4597 1406 4674 Sig-

162 4703 258 4766 arban
276 4699 427 4783 bisknps“
452 4698 589 4780 (Forum.
613 4703 644 4765 S.
666 4703 719 4775 Ill,
747 4697 831 4776 172),
