3524 5424
374 423 415 490 36
814 416 1007 478 moenum
1025 417 1190 478 noudum

373 608 505 674 welder¹
519 603 606 674 tilius
618 609 721 674 Bruss
737 603 796 674 uui
813 609 955 688 siwardi,
974 610 1028 692 qui
1044 609 1167 691 primus
1179 607 1320 674 omnium
1333 607 1500 672 consulum
1512 597 1611 672 orea-
1721 611 1730 634 ·

373 713 448 778 darn
472 712 649 778 insularum
667 710 862 778 christianus
882 713 954 793 fnit,
972 714 1063 796 eujus
1082 713 1232 798 superius
1251 711 1445 776 mentionem
1466 709 1610 775 fecimus.

456 816 516 882 leti
543 816 675 884 fuerunt
703 816 763 882 riri
792 818 917 884 strenui
950 822 984 882 et
1015 817 1128 898 fortes,
1162 833 1297 899 corpore
1333 820 1366 880 et
1398 815 1506 879 snirso
1528 811 1613 878 'ved-

374 922 481 988 diores
513 921 617 988 multo
653 939 747 1002 quem
782 921 833 986 his
871 923 997 988 miseris
1032 921 1243 1004 temporibus,
1275 921 1371 1001 longe
1403 924 1512 984 temen
1545 919 1614 984 suis

274 1049 277 1054 ¹
372 1027 633 1112 antecessoribus
654 1025 837 1092 interiores.
880 1027 984 1110 Hujus
1007 1026 1228 1092 diminutionis
1250 1026 1349 1090 telem
1373 1024 1481 1088 reddit
1512 1024 1614 1088 retio-
1645 1034 1657 1081 5

372 1151 446 1197 nem
469 1131 592 1198 Plinius
615 1131 782 1198 Secundus
803 1132 1000 1197 innaturali
1028 1132 1180 1211 historia;
1213 1130 1313 1222 verbs
1346 1129 1449 1210 ipsius
1480 1146 1614 1212 ponam:

372 1225 626 1318 Implentur,
661 1235 775 1316 inquit,
807 1241 958 1302 cuncto
980 1237 1210 1302 mortalium
1233 1240 1379 1317 generi
1403 1235 1617 1328 minorem⁸

373 1342 410 1408 in
436 1341 523 1407 dies
544 1340 637 1406 lieri
658 1340 952 1423 propemodum
977 1343 1239 1422 observatur,
1261 1339 1615 1426 rarosquepatri·

372 1449 445 1514 lune
467 1445 737 1529 proceriores
766 1451 1042 1514 consumente
1064 1445 1301 1512 ubertatem
1325 1449 1535 1514 seminum
1555 1465 1616 1512 ex·

372 1554 558 1632 ustione,
589 1551 630 1615 in
657 1551 774 1632 cuius
805 1549 936 1616 vioes⁴
964 1569 1071 1616 nunc
1092 1552 1242 1632 vergis
1268 1571 1402 1618 oerum.
1447 1552 1529 1618 Haec
1551 1553 1616 1618 Pli-
1647 1551 1671 1597 ¹⁰
1736 1621 1737 1624 ,

372 1659 460 1736 nius3
482 1675 546 1722 non
569 1657 654 1722 enim
676 1654 804 1720 latebat
818 1655 1044 1737 philosophos,
1063 1657 1141 1738 quis
1157 1657 1330 1722 audierant
1353 1657 1510 1724 diluuium
1532 1675 1617 1738 pro-

373 1763 525 1841 cessisse,
545 1761 699 1827 seculum
723 1777 868 1841 presens
888 1761 1061 1827 exemisse
1077 1759 1262 1826 urendam.
1307 1763 1459 1828 Lucanus
1482 1779 1613 1844 quoque

371 1885 439 1940 nou¹
457 1867 563 1932 mimus
586 1865 799 1946 philosophus
822 1882 917 1945 quam
939 1869 1041 1946 poeta
1063 1865 1152 1944 dicit,
1174 1865 1230 1930 ubi
1252 1867 1293 1930 ed
1315 1867 1432 1931 ludium
1453 1866 1616 1932 (lesurem

372 1972 525 2053 loquitur,
548 1989 588 2036 eo
611 1970 698 2050 quod
720 1970 887 2051 prohibuit
907 1969 1053 2036 comburi
1078 1975 1221 2034 mortuos
1243 1971 1277 2036 in
1300 1971 1403 2036 bello:

456 2075 534 2155 llos,
557 2075 675 2152 (issar,
699 2072 839 2155 populos
862 2073 905 2138 si⁶
924 2093 1012 2140 nune
1032 2093 1097 2140 non
1118 2075 1239 2139 usserit
1260 2077 1355 2157 iguis,
1648 2071 1674 2119 ¹⁵

457 2179 541 2246 Uret
558 2195 630 2244 cum
653 2178 759 2256 terris,
783 2183 857 2242 uret
878 2198 950 2244 cum
974 2179 1104 2260 gurgite
1124 2179 1225 2260 ponti,

457 2283 643 2350 Communis
665 2282 785 2350 mundo
806 2288 958 2364 superest
979 2301 1076 2364 rogus
1100 2283 1227 2349 ossibus
1252 2288 1341 2348 astro

380 2441 384 2446 .
456 2388 632 2454 Mixturus.
1068 2445 1071 2451 .

457 2493 580 2560 (ludcts
602 2509 741 2573 numque
762 2492 794 2555 in
817 2496 907 2556 terra
929 2511 967 2557 ex
1002 2491 1110 2556 calore
1145 2497 1179 2558 et
1212 2493 1345 2560 humore
1382 2501 1615 2575 procreantur;

372 2598 404 2661 in
428 2596 545 2678 quibus
569 2596 656 2661 calor
678 2593 830 2674 abundat,
860 2593 943 2658 fiunt
970 2596 1111 2675 exiliora,
1145 2595 1317 2676 graciliore
1351 2604 1385 2662 et
1422 2599 1614 2680 subtiliors3
1648 2594 1674 2639 ²⁰

373 2705 408 2768 e't
427 2700 482 2766 ubi
504 2701 660 2783 prevalet
681 2701 806 2778 humor,
829 2707 905 2763 sunt
921 2700 1093 2781 grossiora,
1117 2703 1304 2788 proceriore
1326 2711 1361 2768 et
1382 2705 1484 2784 magis
1499 2723 1617 2788 corpu-

372 2807 471 2872 lenta.
515 2805 618 2870 'Hunc
656 2804 919 2870 vicissitudinem
959 2805 1139 2870 seculorum
1176 2807 1354 2872 exustionis
1388 2814 1422 2872 et
1455 2810 1616 2875 eluvionis

373 2910 497 2976 inducit
517 2909 621 2988 Plato,
655 2909 766 2974 diceus
798 2909 937 2990 expletis
972 2909 1155 2989 quindecim
1179 2911 1331 2978 millibus
1361 2923 1522 2978 wannorum
1558 2933 1615 2980 ees

299 3035 304 3046 ·
373 3015 557 3080 alternatim
581 3014 728 3080 recidere
752 3031 912 3095 omneque
935 3014 1229 3094 humanumgenus
1240 3017 1374 3082 interire
1391 3023 1513 3098 prester
1537 3037 1618 3100 psu-

373 3119 531 3199 sissimus,
555 3120 609 3200 qui
632 3118 741 3200 aliquo
764 3134 842 3183 essu
865 3118 1012 3196 erodant,
1036 3121 1123 3183 unde
1145 3126 1263 3200 postea
1284 3127 1478 3203 reparentur
1508 3125 1614 3189 homi·
1649 3113 1675 3160 ²⁵

372 3241 448 3303 nes;
480 3225 697 3304 hoc'semper
717 3223 866 3288 ‘extitisse
889 3229 924 3287 et
944 3241 1075 3305 semper
1095 3223 1237 3288 imorum
1262 3243 1347 3292 esse.
1402 3225 1471 3292 Nec
1504 3233 1617 3294 temen

372 3329 526 3394 mundum
551 3328 669 3412 [vol-nit
690 3327 776 3392 Dee⁷
798 3343 944 3392 ccaerum
967 3347 1050 3408 esse,
1073 3329 1131 3392 sed
1154 3329 1240 3394 sicut
1258 3331 1431 3410 vestigium
1455 3349 1494 3396 ex
1517 3334 1616 3414 pede,

371 3451 436 3498 non
457 3451 517 3515 pes
539 3451 578 3497 ex
599 3433 747 3513 vestigio,
771 3437 935 3497 ettamen
959 3451 997 3497 ex
1021 3449 1085 3513 quo
1107 3433 1191 3513 pes⁸,
1222 3453 1261 3499 ex
1283 3453 1322 3500 eo
1346 3434 1534 3516 vestigium:
1569 3440 1618 3504 ita

441 3583 449 3614 ¹
468 3595 542 3638 rettet
565 3585 642 3648 (efter
659 3588 721 3652 Cap.
741 3584 1249 3649 21).Rongwe1derA.1mgwoloerB.
1269 3591 1498 3650 Ragnuvslder·K.
1528 3595 1618 3656 Ragn-

372 3679 467 3726 umder
474 3675 500 3726 S.
535 3673 624 3726 ἱΔΚ.
635 3677 676 3726 Ad
695 3677 721 3727 S·
758 3670 768 3702 ⁸
787 3677 811 3725 A
822 3685 905 3726 sotter
922 3675 1096 3738 overLinjon:
1116 3684 1177 3740 putu
1195 3684 1325 3738 staturam,
1344 3677 1442 3728 hrilket
1455 3680 1489 3730 Κ.
1508 3689 1617 3745 optager

371 3763 496 3814 i'l'errten
521 3763 696 3814 iParenrhes.
730 3759 812 3814 ⁴AS·
830 3765 895 3814 vires
913 3764 944 3813 K.
981 3759 1427 3829 ⁵As.s⁴esrterovor1rnjme
1446 3763 1478 3827 (0²
1506 3777 1616 3832 verget,

371 3853 483 3904 Rtttelee
508 3850 571 3902 efter
596 3848 714 3912 Plinius),
741 3853 839 3904 hvilket
862 3853 888 3902 Κ
914 3861 1028 3918 opteger.
1070 3847 1143 3906 ⁶ss
1157 3854 1195 3902 sic
1216 3853 1246 3903 Su
1292 3849 1306 3878 ⁷
1321 3853 1348 3906 8.
1366 3855 1422 3904 Deo
1448 3857 1530 3907 voluit
1555 3857 1617 3908 Art

372 3935 455 3995 Ἀθ.
471 3939 498 3990 Κ
515 3939 651 4015 indskpder
666 3949 725 4002 est.
761 3959 763 3962 ·

458 4079 486 4136 2.
531 4069 684 4151 superius]
709 4075 782 4153 (lap.
805 4077 848 4135 IX
870 4096 965 4153 supra
986 4075 1227 4150 (JKirchmsnn).

442 4183 486 4240 ¹7.
531 4182 565 4238 ln
598 4173 734 4256 plenum]
769 4181 895 4240 Plinius'
918 4181 982 4240 Ord
1016 4179 1083 4255 (VII
1105 4204 1129 4242 o.
1156 4177 1206 4256 16)
1239 4203 1288 4242 er:
1331 4185 1365 4242 In
1395 4187 1521 4246 trimatu
1554 4205 1612 4246 eno

374 4288 484 4362 cuique
506 4285 661 4344 dimidiam
684 4305 752 4344 esse
780 4303 997 4344 mensnram
1029 4289 1139 4347 futurae
1173 4291 1289 4346 certum
1324 4294 1386 4362 esl;
1420 4293 1451 4348 in
1485 4293 1612 4368 plenum

371 4396 475 4450 eutem
498 4394 608 4448 cuncto
631 4390 802 4448 mortslium
825 4393 930 4466 generi
956 4394 1101 4450 minorem
1133 4395 1165 4451 iu
1189 4393 1254 4451 dios
1289 4393 1355 4452 fieri
1388 4395 1612 4473 propemodum

238 4481 246 4494 ’
348 4495 554 4577 ¹obseruatus·
575 4513 724 4571 rarosque
744 4495 884 4572 patribus
907 4498 1099 4571 proceriores
1114 4502 1310 4557 consumente
1327 4499 1500 4558 ubertatem
1524 4503 1631 4560 semi·'
1667 4493 1671 4500 ’

372 4617 444 4661 unm
466 4601 636 4671 exustione,
659 4601 688 4656 ln
713 4601 800 4674 eujus
822 4601 904 4658 vices
926 4619 1006 4659 nuno
1028 4605 1136 4677 vergat
1159 4618 1261 4660 rerem.

460 4707 507 4763 lt.
550 4695 709 4778 Lucanus]
732 4703 904 4763 Pharsalica
925 4705 989 4778 VII,
1014 4707 1158 4765 sle-le
1183 4701 1426 4781 (dllirohmann).
