3496 5424
418 394 659 448 smrvnaanruu
683 396 723 446 vn
744 395 887 448 neam
905 398 1076 452 samonam.
1301 405 1362 467 167

124 579 201 647 aria.
245 580 296 646 De
326 580 398 646 istis
419 579 545 649 duabus
567 579 752 648 civitatibus
781 585 991 664 asportantur
1017 583 1168 650 meliores
1189 583 1282 666 tirus,
1300 585 1361 670 =qui

127 684 167 748 ad
190 683 439 754 christianorum
462 689 566 750 terras
596 684 780 752 adveniunt.
832 687 881 752 Da
910 687 1034 757 Muleta
1066 687 1108 752 ad
1137 687 1360 756 Almariam
1461 757 1466 766 ,

124 788 288 856 civitatem
320 789 499 870 antiquitus
529 788 777 856 famosissimam
805 811 853 856 nx
881 790 1028 856 miliaria.
1072 791 1121 858 De
1148 792 1289 860 Almana
1319 794 1359 857 ad

122 891 392 974 Kartaganam
422 895 563 962 ducenta
593 898 626 960 ct
646 913 692 958 xn
715 895 861 964 miliaria.
907 896 1017 977 Usque
1039 896 1102 964 huc
1123 914 1257 980 reguum
1281 898 1359 964 Gra

78 1005 92 1050 ⁵
125 1001 220 1062 natae.
265 996 370 1066 Credo
393 997 528 1066 firmiter
550 997 633 1064 hanc
653 1002 773 1064 terram
786 997 866 1068 ‚iore
888 1000 1078 1069 altissimam
1098 1001 1239 1069 omnium
1256 1005 1359 1068 terra·

122 1102 300 1184 ruminata·
315 1120 414 1183 marc,
433 1102 525 1186 cujus
549 1102 704 1170 montium
728 1105 895 1170 cacumina
916 1105 1019 1172 nubes
1035 1109 1289 1188 penetraverant
1303 1124 1359 1172 no·

123 1206 173 1272 bis
196 1206 389 1273 videntibus.

205 1312 256 1378 De
278 1312 465 1392 Kartagena
492 1314 585 1378 esset
611 1312 873 1393 compendiosius
894 1314 958 1380 iter
979 1317 1069 1382 rect'o
1093 1315 1223 1380 tramite
1244 1333 1360 1382 versus

122 1416 280 1484 orientem
309 1417 350 1482 ad
380 1415 561 1494 Sardiniam
594 1434 654 1498 per
686 1416 861 1498 quingenta
890 1417 1028 1484 miliaria
1057 1423 1092 1485 et
1116 1439 1148 1498 u,
1168 1419 1359 1502 Majoricam

62 1524 90 1570 1⁰
123 1521 261 1588 insulam
283 1521 498 1603 relinquendo
522 1521 562 1586 ad
586 1519 768 1603 dexteram3
798 1539 858 1587 nos
888 1541 964 1590 vero
989 1522 1095 1590 eundo
1118 1523 1359 1590 Massiliam

122 1625 332 1694 deviavimus.
375 1627 457 1692 Nam
481 1625 521 1690 ad
544 1625 728 1707 aquilonem
748 1626 870 1694 duecte
888 1627 1104 1695 tendebamus
1122 1632 1156 1696 et
1172 1629 1360 1710 sicutprius

121 1730 295 1798 habuimus
315 1749 449 1812 regnum
468 1729 619 1799 Oastsllae
639 1749 678 1799 ex
701 1729 805 1798 altera
826 1737 920 1814 parte
943 1733 1110 1816 Hispania
1131 1733 1172 1801 ad
1191 1734 1359 1802 sinistram

121 1835 315 1902 velificando
338 1838 423 1900 inter
444 1834 613 1899 meridiam
637 1838 671 1900 et
692 1836 903 1917 occidentem,
927 1838 974 1902 sic
997 1843 1030 1903 st
1051 1843 1170 1921 postea
1187 1837 1361 1907 habuimus

121 1940 271 2008 similiter
293 1940 430 2006 eandem
450 1945 570 2006 terram
593 1939 634 2006 ad
657 1940 823 2009 sinistram
835 1941 1026 2012 velificando
1037 1944 1122 2010 inter
1143 1944 1302 2014 orientem
1326 1948 1361 2008 et

60 2045 88 2092 1⁵
121 2045 316 2126 aquilonem.
361 2045 411 2110 De
426 2041 614 2126 Kartagcna
633 2046 744 2128 itaque
758 2047 852 2128 juxta
866 2065 998 2127 regnum
1012 2047 1143 2114 Mursiae
1157 2051 1191 2114 et
1205 2047 1358 2117 castella

119 2167 222 2231 usque
251 2150 293 2216 ad
322 2151 440 2228 locum,
474 2150 530 2231 qui
559 2149 678 2215 dicitur
701 2150 903 2216 Alachant
929 2152 962 2216 in
984 2151 1155 2230 tragonis,
1184 2156 1316 2220 centum
1336 2173 1358 2218 n

119 2253 272 2335 miliaria3
304 2256 383 2322 item
411 2259 537 2322 tantum
557 2255 599 2320 ad
620 2255 769 2334 insulam,
792 2274 865 2337 quae
886 2255 1006 2336 dicitur
1033 2256 1170 2338 Enisa,
1201 2256 1240 2324 ad
1266 2259 1357 2340 eujus

118 2359 248 2442 plagam
272 2359 484 2434 meridianam
502 2359 592 2440 Jacot
616 2359 772 2443 Majcrica
804 2361 913 2426 insula
942 2359 1138 2442 supradicta.
1182 2361 1231 2430 Do
1259 2362 1359 2431 lautae

118 2482 195 2530 vcro
215 2464 256 2529 sd
274 2463 453 2530 Massiliam
475 2463 653 2545 quingenta
673 2470 706 2530 et
724 2464 960 2546 quinquaginta
979 2464 1128 2530 miliaria.
1172 2465 1209 2530 In
1232 2483 1360 2533 summa

60 2571 89 2618 ²⁰
121 2568 161 2634 do
184 2569 302 2637 stricto
325 2569 367 2634 ad
387 2567 565 2637 Massiliam
588 2568 726 2636 miliaria
747 2568 835 2635 mille
858 2572 1007 2638 trecenta
1029 2574 1063 2636 at
1083 2568 1325 2652 quinquaginta.

200 2674 253 2740 De
281 2673 427 2740 Massilia
459 2673 493 2739 in
520 2671 703 2740 Sardiniam
733 2675 785 2740 est
816 2673 879 2741 iter
906 2674 992 2740 inter
1025 2674 1183 2740 orientem
1206 2678 1240 2740 ct
1263 2674 1358 2742 meri·

119 2777 205 2844 diem
240 2782 275 2843 et
306 2783 384 2846 sunt
415 2778 468 2844 hic
501 2778 675 2860 quingenta
709 2776 858 2844 miliaria.
905 2779 1072 2844 Proximus
1101 2777 1191 2844 locus
1223 2783 1357 2851 vocatur

125 2882 261 2966 insula,
284 2883 416 2948 sancti
437 2882 558 2964 Petri,
586 2901 659 2964 qum
677 2883 767 2965 jroct
788 2882 856 2950 iere
879 2885 1031 2964 contigua
1052 2882 1218 2951 Sardinia.
1262 2884 1356 2951 Istud

118 3006 207 3056 mare
230 2992 284 3053 est
308 2987 488 3069 pessimum
509 2989 542 3057 iu
564 2992 636 3054 toto
659 2988 776 3054 itinere
799 2987 840 3054 de
862 2987 1010 3055 Massilia
1031 2988 1064 3054 in
1088 2989 1203 3056 scon.
1247 2988 1356 3056 Sardi·

59 3097 87 3146 2⁵
119 3093 174 3158 nia
203 3096 257 3160 est
285 3093 423 3163 maxima
450 3092 557 3160 insula
586 3096 620 3160 et
646 3092 790 3176 pertinet
809 3109 869 3174 pro
892 3093 1007 3174 majori
1028 3095 1122 3174 parte
1144 3093 1186 3158 ad
1207 3093 1354 3174 Pisanos,

119 3197 174 3278 uui
195 3201 310 3264 tenent
330 3198 452 3266 ibidem
476 3198 556 3264 duos
579 3197 725 3264 comites.
776 3196 896 3263 Kalie
927 3197 1045 3266 dicitur
1065 3197 1276 3268 fortissimum
1300 3217 1354 3264 ca-

119 3300 369 3382 struminsulae.
414 3302 514 3368 Terra
545 3302 615 3368 hac
648 3302 681 3367 in
713 3302 867 3371 armentis
900 3307 934 3367 et
965 3303 1062 3370 blado
1097 3302 1358 3384 dementissima,-

118 3406 182 3472 vini
212 3407 379 3473 nesciaet
409 3424 507 3488 supra
530 3405 660 3474 modum
681 3404 817 3473 infirma.
861 3405 951 3476 Gens
972 3407 1055 3475 levis
1079 3425 1194 3488 cursu.
1207 3406 1298 3475 rudis
1321 3411 1356 3472 et

120 3830 210 3846 .....
226 3779 303 3864 [duo
328 3776 568 3862 castra].valde
589 3761 721 3858 nobilia,
745 3776 963 3842 Iubcltare
986 3777 1148 3858 videlicet,
1173 3765 1355 3860 quoderat
1477 3851 1481 3858 ,

118 3885 274 3966 principis
299 3881 502 3960 Antistheni,
534 3886 568 3947 et
590 3879 771 3964 (Mecum,
799 3867 889 3964 quod
912 3869 1020 3947 fuerat
1046 3881 1228 3966 hospitalis.
1279 3883 1353 3949 Ora-

120 4007 190 4053 cum
209 3988 326 4054 dicitur
343 4003 416 4051 csse
434 3984 549 4051 melius
570 3991 712 4051 castrum
734 3988 834 4052 totius
857 3987 969 4052 mundi
989 3991 1123 4069 propter
1144 3985 1352 4086 incredibiles

118 4091 243 4158 reditus
272 4091 384 4173 ipsius.
439 4090 512 4155 Hoc
542 4094 685 4156 castrum
712 4093 908 4173 expugnavit
936 4091 1090 4157 soldanus
1119 4091 1204 4157 circa
1236 4108 1353 4156 annum

204 4251 232 4310 2.
276 4245 405 4321 Malata]
437 4247 514 4308 riml.
544 4247 612 4308 Fcil
645 4249 693 4309 ior
722 4249 852 4310 Munera
882 4272 921 4296 =
953 4249 1036 4310 arab.
1071 4249 1274 4324 cal-Munerat,
1311 4269 1354 4310 nu

119 4352 311 4413 Almudccar.

207 4461 254 4518 10.
299 4448 468 4532 dexteram]
492 4457 560 4516 Feil
581 4457 631 4515 for
652 4457 753 4516 Meum.
1325 4499 1332 4516 ,

205 4564 252 4621 34.
298 4551 459 4637 soldanus]
480 4571 511 4616 0:
533 4561 678 4634 Bibere,
702 4559 960 4622 Mamelultsultam
979 4563 1059 4621 laos
1087 4589 1119 4600 ·-
1146 4563 1240 4636 127⁹st
1258 4561 1353 4621 'orob-

121 4665 193 4725 rcdo
217 4665 292 4726 Orac
316 4667 374 4727 'lde
397 4666 484 4744 April
510 4668 587 4726 1271
614 4661 758 4740 (witker,
782 4666 891 4727 Gcsch.
916 4667 971 4727 dar
985 4667 1165 4742 fficuzariga
1186 4665 1250 4741 Vll,
1267 4661 1350 4754 590).
