3448 5428
313 483 320 494 .
344 419 407 490 242

344 620 474 672 marene
502 608 538 670 et
566 605 705 688 elinguis
735 615 888 678 reumat:
917 599 1021 676 libere
1053 599 1192 692 loquere
1221 601 1262 678 ad
1284 629 1347 678 sua
1367 621 1440 678 tum
1462 603 1584 695 gaudio

344 711 515 776 remeauit.

429 821 514 900 Reep.
557 823 677 900 Itaque.
722 816 777 900 [=
801 845 831 902 p.
856 817 976 902 reliq.

427 918 541 985 Lectio
564 919 600 1001 ij.
645 919 738 987 Alter
759 921 892 1004 quidam
915 921 1038 988 aelatus
1060 928 1175 1005 eaptus
1198 923 1328 988 abscisa
1350 923 1476 1004 lingua:
1498 924 1590 1016 forte

343 1022 474 1104 elapsus
502 1029 563 1090 eet
613 1024 675 1091 Hie
703 1026 745 1092 ad
775 1027 1145 1109 memoriamruartyris
1167 1027 1316 1092 veniens:
1346 1033 1381 1094 et
1406 1033 1442 1092 vt
1471 1027 1583 1108 lingue
1638 1041 1653 1086 ⁵

343 1144 402 1193 sue
435 1127 573 1209 pristina
603 1129 795 1197 redderetur
817 1133 962 1197 nunnitus:
998 1149 1069 1197 eum
1104 1131 1218 1197 intime
1244 1131 1354 1197 uurdis
1385 1133 1585 1198 contritione

301 1269 308 1298 ι
342 1232 530 1314 postulans:
554 1245 646 1300 vsnni
669 1234 824 1316 loquendi
848 1251 943 1318 quem
967 1236 1122 1302 amiserat
1141 1235 1268 1317 recepit
1288 1252 1391 1317 seque
1413 1237 1444 1302 iu
1467 1237 1584 1302 eadem

341 1336 479 1418 pereuni
500 1337 659 1420 nampulo
682 1340 832 1422 martyris
855 1339 1065 1420 mauoipuuit.
1156 1387 1160 1394 .
1597 1359 1604 1368 ·

425 1449 510 1527 Beep.
555 1449 766 1510 Confluebant
813 1447 866 1522 [a
888 1471 919 1528 p.
944 1441 1047 1525 235⁸}

426 1545 534 1612 Lectio
556 1549 658 1613 tertio.
702 1547 819 1613 Mulier
847 1547 988 1628 quedem
1019 1548 1101 1612 adeo
1124 1547 1315 1614 deformiter
1332 1554 1514 1616 contracta:
1546 1557 1585 1616 rt
1623 1559 1655 1604 ¹⁰
1715 1542 1720 1562 ¹

341 1655 444 1736 pedes
468 1651 539 1718 eius
563 1653 710 1718 clunibus
733 1651 929 1717 adhererent
949 1653 989 1716 ad
1008 1651 1215 1733 sepulchrum
1232 1653 1383 1734 martyris
1404 1654 1505 1719 allata
1520 1661 1582 1721 est.

342 1758 403 1823 Ubi
438 1776 509 1822 curn
529 1753 575 1822 'iu
607 1755 791 1821 lachrimis:
826 1761 861 1821 et
893 1755 1121 1821 obsecratione
1153 1757 1301 1836 peruigili
1334 1765 1584 1838 perseuerasset

341 1863 479 1949 diutius:
513 1862 637 1942 integre
659 1859 810 1942 sospitati
831 1860 959 1924 reddito
989 1861 1133 1926 extensis
1161 1861 1290 1926 neruis:
1324 1862 1441 1928 erectis
1476 1863 1582 1945 tibiis:

341 1965 532 2032 confortatio
555 1964 703 2046 pedibus,
727 1969 761 2029 et
782 1964 918 2045 siugulis
941 1964 1095 2030 membris
1117 1964 1225 2030 alticio
1246 1983 1306 2030 sno
1328 1971 1363 2031 et
1381 1965 1484 2030 lorme
1508 1968 1584 2032 red-

341 2071 428 2150 ditio,
451 2070 493 2135 ad
514 2068 649 2151 propria
670 2069 853 2150 repedauit.
1623 2095 1654 2138 15

343 2181 347 2187 ’
424 2182 507 2257 Rerp.
551 2179 697 2240 Florebat
719 2179 808 2239 lidae.
853 2172 907 2255 [π
931 2199 961 2256 p.
986 2175 1105 2252 235¹⁶].

422 2295 479 2344 ant.
524 2285 670 2345 Uiuiteuit
691 2303 748 2344 uae
772 2284 922 2344 domiuus.
965 2294 993 2343 ot
1011 2304 1097 2360 supra

420 2381 580 2464 psalmon.
624 2381 832 2448 Benedictus.

607 2603 647 2672 ln
673 2605 858 2673 solennitate
883 2606 985 2673 saneti
1005 2605 1094 2696 petri
1117 2605 1161 2673 ad
1185 2603 1311 2670 oirreula

775 2767 818 2832 ad
836 2769 961 2848 primas
981 2786 1137 2848 vesperae.
1620 2789 1652 2834 ao

424 2901 476 2968 De
484 2905 595 2966 saneto
606 2899 701 2966 oluao
719 2904 785 2966 aat.
820 2900 1064 2966 Gloriooistime
1076 2915 1141 2964 rex.
1162 2901 1320 2978 utsupra.
1342 2901 1396 2976 [ε
1408 2919 1439 2980 p.
1454 2900 1582 2984 240³⁷].

558 3082 635 3146 Post
656 3040 891 3160 Benedicamus
914 3083 1045 3153 domiuo
1068 3083 1106 3148 de
1126 3086 1236 3148 saneto
1260 3081 1353 3146 olona

422 3235 609 3316 antiplona.
654 3232 704 3296 Sit
727 3249 857 3314 semper
877 3252 1002 3300 summe
1024 3234 1107 3299 laus.
1129 3237 1162 3296 at
1183 3251 1293 3314 sopra.
1339 3233 1392 3315 [a
1415 3250 1447 3313 p.
1469 3237 1581 3312 Ι2407].

807 3416 885 3482 Post
906 3415 1095 3498 Magnifica

424 3571 502 3636 Fiat
525 3569 772 3635 uomnremoratio
796 3568 834 3632 de
855 3571 964 3631 saneto
984 3565 1077 3630 alano
1100 3585 1170 3630 eam
1190 3565 1248 3630 lae
1269 3565 1452 3648 antiphona.
1621 3585 1655 3628 ns

422 3676 544 3740 Beatus
566 3673 614 3739 vir
636 3673 751 3738 olauue
774 3671 980 3736 talentorum.
1024 3675 1057 3733 vt
1078 3671 1112 3733 in
1135 3671 1290 3734 naamani
1310 3670 1477 3750 saffrapio.

421 3778 608 3843 versiculos.
653 3777 766 3842 Gloria
789 3775 979 3842 ethonore.
1169 3766 1172 3772 ’

426 3880 546 3950 Oratio.
591 3882 804 3964 Omnipotens
827 3899 876 3959 qq.
899 3900 927 3942 o.
1057 3885 1060 3892 ⁴

211 4126 311 4187 anag.
597 4103 721 4186 Quinto
746 4103 796 4172 die
821 4103 912 4192 infra
938 4117 1082 4171 ortonam
1108 4102 1191 4171 beati
1215 4103 1312 4175 olam.

421 4267 477 4330 Ad
508 4265 682 4331 matutinae
710 4263 937 4330 laudatoriam
963 4269 993 4329 et
1021 4268 1123 4328 cetera
1149 4265 1255 4328 omnio
1290 4282 1411 4326 aeeaoa
1439 4268 1470 4326 et
1497 4263 1579 4328 lrore
1617 4287 1654 4332 eo

338 4371 503 4436 diaraalar
523 4369 667 4450 pleniter
690 4373 890 4451 perapaatar
918 4367 1177 4448 quenadmodum
1205 4369 1314 4449 prim
1342 4367 1394 4432 die
1423 4372 1501 4448 post
1528 4367 1580 4446 fe·

276 4471 277 4474 ’
337 4480 422 4540 enom
442 4476 511 4538 etas
525 4477 743 4554 praenotantur
765 4491 835 4536 enno
855 4471 906 4536 lars
930 4469 1127 4537 horionibus.
1274 4559 1277 4564 Ι
1352 4477 1355 4486 “

422 4578 529 4642 Lectio
548 4577 663 4657 priato.
709 4577 824 4642 ERant
852 4577 915 4641 duo
938 4611 978 4622 »-
1001 4581 1256 4658 suppresserunt
1279 4605 1318 4628 a
1345 4579 1578 4644 13811-1398,

420 4689 503 4770 Reop.
547 4685 726 4747 Deueuerat
747 4692 870 4762 martyr.
912 4705 996 4764 snpra
1018 4691 1046 4746 in
1067 4689 1111 4744 die
1130 4697 1232 4745 eonem.
1279 4679 1335 4761 [=
1355 4705 1385 4762 p.
1410 4678 1519 4763 236⁴}
