3460 5430
1296 451 1357 522 269

205 636 299 728 [Ant]
324 649 532 728 Consepultus
551 645 674 709 Christo
691 667 747 726 per
765 647 952 726 baptismum
967 648 999 706 iu
1016 651 1155 722 mortem,
1171 649 1204 708 iu
1221 650 1357 710 novitate

119 758 188 818 vita
218 762 250 816 et
277 756 444 832 religionis,
476 773 563 831 qvam
595 759 785 831 susceperat,
813 753 1057 829 perfectissimus
1088 753 1269 812 observatur
1297 773 1358 812 am-

119 861 254 922 balabat.

205 959 298 1043 [Ant]
343 966 478 1026 Pavebat
500 965 706 1036 vehementer,
730 963 873 1041 qvicqvid
894 967 977 1022 vetat
1004 963 1054 1022 lex
1077 963 1189 1036 diviua,
1213 965 1357 1041 qvicqvid

73 1072 87 1117 ⁵
120 1077 219 1133 autem
241 1073 401 1150 praecepit,
425 1071 641 1129 ardentissimo
665 1069 927 1146 complectebatur
949 1068 1069 1128 affectu.

204 1169 327 1254 [Lectio
351 1167 419 1252 IV]
454 1167 517 1233 Sed
549 1166 790 1231 illustrissimus
824 1166 956 1248 Martyr,
980 1167 1033 1247 qvi
1060 1170 1151 1231 totus
1181 1183 1357 1248 suspensus

118 1274 151 1341 in
173 1275 329 1354 caelestia,
349 1273 479 1356 iustitia
501 1276 535 1336 et
556 1270 620 1337 lide
642 1274 847 1353 pugnaturus
871 1271 1068 1337 exercituin
1090 1270 1181 1337 brevi
1203 1275 1357 1353 qvantum

117 1383 238 1462 potuit,
261 1383 467 1459 congregato,
489 1376 634 1442 obviavit
660 1375 807 1441 inimicis.
864 1375 1067 1442 occumbens
1100 1382 1209 1441 autern
1243 1381 1357 1458 qvarto

117 1483 281 1550 Kalendas
309 1481 455 1564 Augusti,
489 1481 571 1547 ieria
594 1485 717 1562 qvarta,
747 1481 790 1546 M.
822 1485 856 1546 et
881 1481 1037 1562 vigesimo
1066 1485 1180 1547 octavo
1209 1499 1293 1548 anno
1317 1483 1357 1548 ab

57 1594 86 1638 10
117 1589 345 1656 incarnatione
373 1587 514 1668 Domini,
548 1586 690 1652 feliciter
718 1587 759 1651 ad
786 1586 900 1651 aeterni
920 1587 1021 1667 Regis
1050 1587 1174 1669 palatia
1202 1586 1357 1654 debello

117 1693 269 1776 migravit
296 1693 339 1759 ad
367 1710 492 1775 pacem.
535 1691 641 1758 Nocto
668 1692 768 1773 igitur
793 1691 1002 1772 precedente
1032 1691 1127 1774 diem,
1162 1709 1224 1774 qva
1245 1691 1359 1758 Martir

116 1799 245 1866 inolitus
267 1817 383 1882 passus
405 1804 465 1878 est,
496 1797 647 1878 apparuit
668 1797 824 1862 Dominus
846 1797 963 1862 Ihesus
992 1795 1102 1862 verbis
1125 1795 1360 1864 consolationis

117 1903 313 1985 demulcens,
342 1903 480 1983 Accede,
512 1902 625 1984 inqvit,
659 1901 790 1982 adme,
820 1901 939 1968 dilecte
962 1901 1015 1982 mi,
1045 1905 1082 1966 ut
1102 1900 1242 1966 fructum
1264 1900 1358 1967 labo-

115 2029 187 2076 rum
210 2015 340 2074 tuorum
363 2008 514 2090 accipias,
544 2007 577 2070 in
607 2007 805 2088 sempiterna
827 2006 944 2072 laetitia
967 2005 1132 2072 consortio
1155 2010 1266 2072 nostro
1289 2005 1357 2072 fru-

57 2131 84 2178 15
118 2133 185 2181 ens.
241 2114 310 2192 Qva
348 2113 473 2179 visione
511 2112 636 2193 Martyr
673 2110 848 2178 admodum
889 2109 1090 2176 confortatus
1128 2116 1162 2176 et
1199 2111 1359 2178 svavitate

116 2218 283 2299 ineffabili,
317 2237 409 2300 qvam
444 2221 638 2300 perceperat
670 2216 816 2295 satiatus,
851 2215 997 2298 passioni
1031 2233 1068 2280 se
1100 2213 1195 2280 lactus
1229 2214 1358 2297 obtulit,

113 2325 181 2408 jam
210 2323 365 2390 divinitus
400 2321 520 2388 scalam
553 2339 742 2403 agnoscens,
767 2339 861 2402 qvam
882 2339 987 2402 nuper
1007 2320 1135 2386 viderat
1158 2324 1301 2386 erectam
1323 2321 1357 2386 in

116 2429 263 2513 sompnis
285 2428 327 2493 ad
350 2427 458 2506 caelos,
485 2445 546 2508 per
567 2445 661 2508 qvam
685 2425 725 2490 ad
749 2425 952 2492 dulcedinem
975 2443 1069 2507 qvam
1092 2429 1288 2506 gustaverat,
1311 2424 1356 2491 fe-

116 2536 225 2602 liciter
247 2537 320 2600 erat
342 2549 544 2600 ascensurus.
589 2530 637 2595 Tu
659 2536 778 2597 autem.

55 2652 85 2699 20
205 2643 314 2723 [Κεφ]
358 2648 464 2722 Itaqve
483 2646 680 2705 devotissime
697 2673 736 2682 ·-
753 2643 966 2703 disseminans.

203 2739 312 2826 [Vera]
356 2749 449 2807 Ihesu
470 2749 551 2808 bone
576 2779 614 2790 ·-
638 2747 766 2827 posset?

204 2845 325 2926 [huic
354 2845 396 2928 V]
430 2846 571 2912 Evoluto
599 2847 709 2929 itaqve
740 2845 905 2929 passionis
927 2845 1013 2911 illius
1035 2851 1194 2930 tempore,
1230 2867 1301 2914 cum
1324 2848 1357 2913 iu

116 2951 215 3018 domo
246 2953 383 3032 qvedam
411 2951 650 3017 sanctissimum
682 2969 798 3034 corpus
829 2952 898 3034 ejus
926 2950 1053 3033 regales
1083 2952 1244 3018 lavissent
1265 2952 1360 3017 Mini-

116 3056 185 3138 stri,
209 3057 357 3140 projecta
387 3062 438 3121 est
464 3059 540 3121 ante
568 3057 687 3122 ostium
710 3074 793 3137 aqva
816 3058 916 3122 mixta
938 3057 1099 3138 sangvine,
1124 3058 1177 3139 qvi
1201 3057 1242 3122 de
1265 3057 1360 3122 Beati
1394 3087 1395 3090 ¹

55 3175 84 3222 as
118 3161 273 3244 Martyris
306 3160 495 3226 vulneribus
529 3159 718 3227 defluxerat.
770 3159 885 3227 Caecus
917 3161 1016 3242 igitur
1048 3163 1176 3244 qvidam
1204 3167 1280 3229 ante
1304 3163 1360 3228 do-

117 3285 206 3333 mum
229 3266 365 3333 eandem
400 3266 572 3346 transiens,
606 3267 780 3348 prolapsus
809 3272 861 3331 est
890 3266 1048 3333 inlocum
1076 3268 1129 3349 qvi
1151 3268 1257 3334 adhuc
1278 3286 1360 3349 aqva

118 3376 153 3437 et
185 3371 341 3452 sangvine
376 3371 498 3437 iniecta
530 3369 683 3436 manebat
716 3389 851 3452 cumqve
880 3371 999 3452 digitos
1022 3372 1222 3440 madefactos
1246 3373 1360 3439 eadem

1026 2717 1066 2740 =
1091 2693 1262 2754 23425-29,

118 3494 203 3557 aqva
231 3475 271 3540 ad
302 3493 380 3542 suos
410 3475 521 3542 oculos
542 3475 677 3556 levaret,
700 3476 788 3542 illico
810 3478 937 3542 intrusa
963 3477 1100 3559 caligine
1122 3478 1230 3544 lumen
1251 3477 1361 3560 pristi-

118 3601 194 3647 num
217 3580 351 3662 recepit.
397 3579 574 3662 Obstupuit
594 3579 693 3661 igitur
715 3582 936 3663 vehementer,
958 3583 992 3648 in
1014 3599 1076 3665 qvo
1101 3583 1243 3649 divinum
1265 3581 1360 3649 fieret

55 3713 85 3759 so
119 3685 311 3752 miraculum
334 3691 369 3751 et
396 3685 486 3767 cujus
509 3691 662 3765 sangvine
684 3704 838 3768 respersa
859 3686 980 3754 fuisset
1002 3706 1085 3768 aqva
1107 3689 1227 3754 certius
1250 3687 1360 3770 explo-

118 3809 204 3871 rans,
228 3807 344 3872 seper
366 3791 482 3855 merita
504 3789 597 3855 Beati
610 3789 864 3873 OlaviMartyris
877 3793 980 3858 visum
998 3793 1163 3874 recepisse
1179 3793 1361 3858 certissime

119 3896 282 3978 cognovit.
326 3895 436 3961 Mirati
469 3898 546 3960 sunt
575 3913 688 3960 omnes
722 3897 775 3978 qvi
803 3897 976 3963 audierunt
1004 3899 1184 3964 novitatem
1214 3898 1361 3964 miraculi

119 4001 226 4082 dignis
256 3997 401 4066 extulere
427 4000 602 4081 preconiis,
635 4000 689 4081 qvi
717 4001 892 4083 Martyrem
919 4021 1012 4070 suum
1035 4005 1104 4087 jam
1126 4003 1244 4084 insigni
1268 4003 1361 4068 clari-

118 4103 217 4172 ficare
241 4105 396 4171 miraculo
420 4105 622 4188 dignabatur.

55 4233 85 4280 35
209 4210 327 4294 [Resp.].
371 4217 574 4278 Confluebant
600 4245 632 4256 -
659 4238 693 4277 os
717 4237 813 4277 suum.

206 4315 319 4398 [Veral.
365 4322 492 4383 Goniusi
514 4351 555 4362 -
576 4323 609 4381 in
632 4323 708 4382 dies.

205 4418 330 4504 [Lectio
361 4419 424 4506 VI]
448 4421 528 4485 Erat
549 4421 581 4484 in
599 4419 758 4485 Hibernia
769 4422 842 4485 Dux
861 4421 988 4502 qvidam
1010 4423 1211 4489 Guthormus
1230 4425 1360 4491 nomine

119 4525 253 4591 natione
282 4525 422 4591 Noricus
452 4526 577 4590 scilicet
605 4525 694 4591 beati
717 4525 868 4609 Martyris
900 4526 993 4592 Olavi
1020 4529 1139 4611 Nepae,
1169 4531 1217 4594 vir
1243 4549 1362 4612 genere

119 4630 297 4714 praeclarus
331 4633 365 4696 et
387 4631 485 4696 armis
517 4634 645 4711 potens.
689 4629 751 4695 Hic
786 4648 859 4696 cum
891 4633 982 4714 Rege
1005 4632 1174 4700 Olibinnise
1202 4634 1360 4716 Margodo

54 4755 86 4799 ro
119 4733 298 4802 iaederatus
321 4741 355 4802 et
376 4735 514 4816 qvedam
536 4733 687 4799 familiari
708 4735 868 4802 societate
899 4737 1089 4820 conjunctus
1113 4744 1184 4805 erat
1217 4739 1363 4822 Contigit

878 4292 917 4316 =
942 4269 1080 4330 2353-7.
