3448 5428
139 593 193 673 qui
216 611 251 658 se
272 590 422 674 primitus
447 593 644 659 ostenderet.
687 595 774 660 'dunc
797 597 866 662 eius
888 612 1060 676 germanus
1089 597 1168 662 iecit
1196 597 1303 662 ornari
1330 597 1379 663 di·

138 715 252 762 uersas
275 715 377 762 naues
402 715 534 778 magnas
554 716 623 763 curn
643 717 764 782 pompa
780 702 927 766 maxima.
950 701 1091 766 tendens
1113 720 1226 767 uersus
1251 702 1377 768 daciam

139 800 261 866 Beatus
296 821 375 868 uero
406 801 528 868 Olauus
562 822 684 884 ponens
715 822 751 872 se
781 806 813 870 in
845 807 995 872 nauicula
1017 826 1120 890 parua
1143 807 1268 888 absque
1291 809 1377 872 omni

137 903 277 971 humano
302 907 458 972 subsidio.
482 909 573 972 uenit
594 909 709 989 angeio
733 911 813 975 duce
836 912 924 976 iuxta
949 912 1104 975 oraximos
1130 915 1257 978 montes
1280 931 1377 979 uoca-

90 1019 101 1061 ·'
138 1013 191 1075 tos
214 1010 378 1078 desontes.
403 1013 583 1080 existentes
601 1015 732 1080 inmari
754 1017 840 1080 inter
869 1017 1064 1097 norwegiam
1088 1022 1121 1081 et
1144 1017 1279 1082 daciam.
1314 1018 1377 1094 Qui

137 1121 265 1181 montes
288 1119 359 1199 ipso
384 1123 498 1184 orante
527 1136 563 1184 se
593 1119 773 1184 diviserunt
793 1139 852 1202 per
874 1121 1038 1202 quoddam
1063 1122 1216 1188 foramen.
1239 1121 1376 1202 angelus

136 1220 242 1302 ipsum
265 1223 305 1286 ad
335 1223 459 1288 daciam
487 1243 546 1305 per
577 1243 718 1290 mensem
750 1231 923 1306 autequam
952 1244 1123 1304 germanus
1146 1244 1224 1291 suus
1248 1227 1378 1291 adveni·

136 1331 188 1391 ret
210 1327 353 1398 adduxit.
405 1328 493 1394 Tunc
515 1330 637 1397 Beatus
663 1330 784 1396 Oiauus
808 1332 915 1396 orauit
938 1330 1100 1396 domiuum
1123 1335 1159 1394 ut
1179 1332 1220 1396 de
1244 1348 1307 1395 sua
1327 1333 1375 1395 in·

135 1431 228 1497 finita
261 1432 484 1498 misericordia
514 1434 611 1501 tatem
642 1436 789 1516 gratiam
808 1455 842 1500 se
873 1436 1103 1501 innocentibus
1127 1441 1160 1500 et
1182 1441 1253 1502 toto
1277 1435 1376 1502 corde

134 1536 167 1600 in
205 1537 266 1602 deo
300 1537 536 1603 confidentibus
569 1543 767 1608 ostenderet.
799 1541 886 1622 quod
917 1543 1003 1607 omni
1028 1560 1111 1607 anno
1135 1541 1272 1626 speciali
1294 1544 1375 1606 tenr-

133 1660 214 1723 pore
238 1643 305 1707 suis
328 1643 454 1708 meritis
478 1643 523 1707 ibi
546 1645 654 1727 pisces
682 1653 716 1712 et
739 1647 828 1712 aleca
851 1654 1066 1728 congregaret
1089 1665 1127 1711 ex
1150 1647 1268 1728 quibus
1288 1651 1376 1712 totus

109 1747 275 1812 mundus
308 1747 429 1813 uictum
464 1767 559 1814 suum
594 1757 734 1832 caperet.
791 1752 885 1830 Quod
912 1753 958 1816 ita
981 1753 1100 1818 factum
1126 1757 1159 1818 et
1179 1751 1376 1834 completum

133 1856 184 1916 cst
216 1857 251 1916 ut
281 1853 386 1918 adhuc
415 1855 503 1918 omni
531 1873 615 1920 anno
639 1863 784 1938 apparet.
832 1858 972 1924 Veniens
996 1875 1072 1936 ergo
1096 1861 1228 1922 sauctus
1253 1856 1376 1924 Olnuus

135 1961 171 2022 ut
204 1975 339 2038 regnum
378 1959 469 2024 dacis
508 1959 571 2025 sibi
606 1961 762 2028 diuinitus
800 1963 993 2045 promissum
1033 1966 1230 2044 acceptaret.
1264 1979 1376 2028 omnes

135 2080 291 2144 campane
313 2064 414 2129 totins
437 2067 527 2147 regni
550 2084 665 2148 perse
688 2068 819 2148 pulsare
842 2069 1035 2149 inceperunt
1064 2068 1134 2132 Hoc
1163 2067 1248 2132 idem
1278 2067 1375 2133 etiam

132 2167 255 2234 iactum
279 2176 330 2235 est
352 2187 390 2234 eo
415 2175 601 2236 reuertente
624 2171 664 2237 de
687 2173 795 2236 ruscia
818 2173 857 2238 ab
882 2173 978 2237 exilio
1003 2173 1033 2237 in
1053 2173 1188 2237 daciam.
1238 2171 1376 2236 Densum

133 2280 310 2340 coronatus
332 2281 382 2341 est
412 2277 444 2340 in
475 2276 568 2342 dacia
590 2293 662 2340 cum
686 2295 802 2359 magno
826 2277 949 2344 honore
971 2279 1042 2360 ipse
1066 2295 1143 2343 uero
1167 2293 1232 2341 non
1254 2276 1376 2343 oblitus

132 2381 271 2462 gratiam
294 2399 314 2444 a
336 2381 397 2446 deo
430 2381 494 2447 sibi
524 2381 632 2447 datam
656 2381 793 2448 uerbum
817 2383 869 2448 dei
893 2401 965 2447 curn
989 2382 1127 2448 maximo
1151 2380 1280 2448 feruore
1302 2401 1375 2465 pre·

133 2487 244 2552 dicare
279 2486 373 2567 cepit.
410 2491 444 2552 et
475 2487 594 2552 multas
629 2487 752 2552 animas
780 2505 840 2568 per
867 2504 944 2552 suos
967 2505 1134 2552 sermones
1158 2492 1192 2552 et
1218 2487 1376 2552 miracula

71 2601 76 2619 ‘
135 2591 321 2674 acquisiuit.
365 2592 453 2657 Tunc
476 2591 633 2674 dyabolus
656 2610 844 2672 germanum
867 2593 955 2658 beati
980 2592 1072 2658 Olaui
1096 2591 1278 2675 possidens.
1304 2609 1374 2656 cum

132 2699 245 2763 multis
268 2696 477 2762 aduersariis·
493 2697 642 2762 ueritatis
666 2698 789 2780 incepit
812 2697 1004 2778 perturbare
1029 2698 1170 2763 diuersis
1193 2695 1374 2763 uexationi-

132 2802 193 2868 bus
217 2802 350 2868 beatum
373 2803 488 2868 uirum.
533 2801 592 2868 Cui
615 2803 755 2868 cbristus
779 2821 849 2868 curn
875 2821 969 2868 cruce
993 2819 1154 2884 apparens
1179 2801 1270 2866 dixit.
1315 2799 1375 2866 Oa·

133 2909 263 2974 rissime
294 2907 399 2972 olane.
432 2906 505 2987 iuge
536 2907 617 2972 iram
641 2907 749 2972 fratris
772 2907 819 2971 tui
850 2909 890 2972 ad
920 2908 1058 2972 rusciam
1083 2911 1210 2972 etesto
1233 2905 1375 2972 ibicum

133 3033 210 3096 rege
233 3013 337 3078 arnico
368 3031 441 3078 meo
469 3031 572 3094 usque
596 3013 671 3076 dum
695 3010 799 3078 dicam
824 3011 892 3078 tibi.
919 3012 994 3094 quia
1017 3031 1077 3094 per
1100 3012 1216 3078 multas
1241 3011 1375 3077 tribula-

70 3123 76 3141 ‘
134 3121 241 3185 tiones
275 3123 407 3200 oportet
439 3123 472 3184 te
505 3119 641 3183 introire
674 3118 706 3181 in
739 3118 876 3199 gloriam
910 3136 1013 3183 meam
1038 3117 1129 3196 Quod
1161 3117 1217 3183 ille
1240 3117 1376 3182 audiens

134 3224 256 3305 gratias
290 3223 351 3290 deo
387 3223 453 3302 egit
487 3227 520 3288 et
550 3222 676 3302 fugiens
710 3241 849 3304 arogno
879 3241 937 3287 suo
972 3241 1088 3303 arege
1118 3222 1224 3288 ruscia
1246 3221 1376 3288 nomine

133 3326 338 3393 Narzellano.
375 3345 491 3408 magno
526 3345 597 3392 cum
631 3328 754 3392 honore
788 3333 838 3392 est
871 3333 1052 3408 susceptus.
1118 3334 1253 3412 contigit
1270 3330 1376 3392 'autem

132 3434 205 3516 ipso
229 3435 260 3498 in
284 3433 402 3498 Ruscie
426 3433 586 3498 existente
615 3440 745 3516 quadam
773 3441 925 3499 dominica
948 3442 1006 3499 die.
1036 3444 1071 3498 ut
1094 3439 1224 3516 quadam
1246 3439 1377 3516 paruula

132 3547 255 3622 uirgula
284 3548 411 3604 inuenta
439 3543 562 3605 cultello
591 3544 706 3620 lignum
736 3547 818 3622 qdod
841 3566 930 3605 manu
954 3547 1080 3604 tenebat
1101 3545 1252 3604 incideret
1273 3545 1375 3603 imme-

72 3661 77 3676 ·
134 3673 199 3711 mor
223 3650 306 3728 quod
324 3649 389 3708 dies
408 3648 560 3707 dominica
578 3657 672 3708 esset.
717 3651 844 3722 Quidam
864 3671 938 3709 uero
958 3651 994 3709 de
1016 3650 1284 3709 circumstantibus
1307 3667 1376 3708 eum

133 3759 307 3834 increpauit
330 3753 445 3812 dicens.
489 3753 617 3811 Domine
640 3774 703 3812 rex.
745 3755 842 3813 Hodie
869 3757 1020 3814 dominica
1044 3756 1109 3814 dies
1133 3759 1191 3813 est.
1215 3758 1246 3813 et
1268 3753 1376 3814 sabba·

134 3867 197 3918 tum
221 3859 387 3920 custodies.
434 3858 523 3930 Quod
555 3859 665 3918 beatus
699 3861 747 3917 uir
781 3861 909 3919 audiens
938 3861 1063 3919 multum
1089 3861 1196 3918 doluit.
1218 3863 1249 3917 et
1270 3878 1375 3918 omnes

136 3969 288 4024 scissuras
313 3985 347 4022 ae
370 3965 470 4022 frusta
492 3965 578 4039 uirgo
603 3965 750 4040 colligens
774 3985 869 4039 super
891 3985 1011 4023 manum
1034 3985 1117 4024 suam
1141 3964 1253 4023 nudam
1274 3964 1376 4022 totali·

135 4074 183 4128 ter
216 4072 248 4129 in
282 4072 453 4146 penitentia
487 4069 664 4126 combussit.
716 4070 832 4141 Quibus
869 4059 1046 4128 combustis.
1082 4089 1187 4129 manus
1210 4088 1266 4128 sua
1287 4069 1377 4128 illesa

73 4180 101 4224 3⁵
136 4177 290 4234 remansit.
335 4174 435 4245 Quare
456 4175 556 4248 ipsum
579 4180 690 4248 postea
711 4177 741 4233 in
766 4195 873 4250 magna
894 4178 1070 4233 reuerentia
1092 4175 1273 4234 habuerunt.

222 4272 256 4337 O.
298 4269 424 4335 Deinde
447 4274 523 4351 post
547 4287 647 4335 annos
671 4275 738 4336 tres
763 4277 875 4337 sancto
890 4271 994 4336 Olauo
1014 4272 1119 4336 adhuc
1142 4271 1187 4336 ibi
1205 4272 1375 4339 existente.

138 4376 288 4459 apparuit
320 4377 350 4442 ei
385 4373 533 4439 dominus
560 4375 677 4440 ihesus
701 4381 836 4457 portans
860 4396 987 4441 erucem
1013 4395 1084 4441 cum
1109 4393 1229 4442 corona
1251 4376 1375 4458 spineo.

138 4486 171 4545 et
203 4481 324 4562 apertis
360 4481 483 4546 cunctis
518 4480 705 4545 uulneribus
738 4483 782 4545 ait
805 4481 861 4546 illi.
905 4481 990 4547 Ecce
1014 4481 1117 4546 Olaue
1140 4481 1173 4545 in
1196 4480 1260 4546 ista
1281 4498 1376 4546 cruce

138 4603 198 4667 pro
221 4605 272 4652 me
295 4582 464 4666 pendetis.
488 4588 521 4648 et
543 4585 641 4648 talem
665 4603 815 4651 coronam
839 4605 897 4668 pro
924 4604 975 4652 me
996 4585 1155 4668 portabis.
1179 4589 1214 4650 et
1234 4603 1253 4650 a
1275 4585 1376 4651 fratre

75 4711 105 4758 ro
140 4694 196 4758 tuo
230 4690 310 4756 talia
343 4688 478 4771 patieris
512 4707 574 4770 que
609 4707 667 4769 ego
702 4708 760 4772 pro
795 4696 828 4757 te
858 4708 975 4773 passus
1005 4709 1085 4756 sum.
1131 4691 1220 4757 Vade
1243 4706 1319 4770 ergo
1343 4693 1377 4754 et
1440 4689 1445 4696 '
