3460 5430
776 607 832 692 [In
849 609 959 690 primo
980 609 1160 694 nocturno}

435 709 528 795 [Ant]
574 719 638 778 Rex
657 718 709 779 ille
733 748 771 760 -
795 722 1054 798 promptissimus.
1102 767 1174 804 ·..
1318 770 1382 815 Η

435 819 527 896 [Ant]
572 824 628 884 liic
650 823 842 900 Evangelica
860 855 898 864 -
925 827 1107 886 convolavit.
1136 805 1175 816 *⁸
1198 791 1228 849 μ’
1254 773 1314 830 248
1385 815 1392 830 ’

437 919 621 1006 [Lectiol]
668 921 836 988 Gloriosus
868 924 937 989 Rex
972 923 1093 989 Olavus
1122 922 1328 1006 Evangelicm
1351 922 1501 990 veritatis
1525 920 1593 988 sin-

352 1025 487 1092 ceritate
517 1025 550 1092 in
577 1026 693 1108 Anglia
725 1031 902 1110 comperta,
935 1025 1032 1094 fidem
1061 1033 1132 1093 toto
1165 1028 1297 1094 admisit
1322 1033 1459 1112 pectore
1490 1030 1524 1093 et
1545 1026 1592 1094 ad
1647 1037 1662 1082 ⁵

348 1129 503 1212 baptismi
540 1131 687 1211 gratiam,
720 1132 753 1196 in
779 1131 862 1198 urbe
890 1133 1084 1214 Rotbomagi
1113 1133 1241 1199 Devota
1270 1134 1389 1199 mentis
1420 1132 1595 1198 alacritate

349 1235 541 1302 convolavit.
586 1234 778 1303 Purifioatus
801 1237 900 1320 igitur
922 1237 1050 1304 lavacro
1074 1238 1219 1320 salutari,
1244 1239 1277 1304 in
1299 1238 1464 1305 anteriora
1482 1255 1518 1303 se
1539 1255 1595 1303 ex-

347 1341 486 1407 tendens
510 1358 594 1407 novo
616 1359 724 1408 rerum
747 1342 871 1423 ordine,
894 1342 964 1408 Rex
986 1342 1136 1426 Apostoli
1158 1343 1228 1410 rice
1250 1341 1398 1425 iungens,
1422 1343 1494 1424 ipse
1516 1342 1596 1408 Dux

347 1443 482 1510 verbum
505 1446 567 1511 Dei
596 1446 721 1528 passim
751 1447 900 1514 omnibus
929 1448 1129 1531 praedicavit,
1158 1448 1332 1531 plurimum
1359 1445 1536 1530 proficiens
1558 1449 1596 1512 in

347 1550 439 1616 brevi
473 1555 507 1616 et
535 1551 803 1619 innumerabilem
829 1553 969 1620 Domino
1005 1552 1245 1620 multitudinem
1271 1553 1384 1636 populi
1407 1551 1592 1634 acquisivit
1632 1559 1661 1603 1⁰

348 1654 589 1739 Exemplilicari
612 1657 775 1726 memoria
799 1663 940 1741 oportet,
970 1663 1089 1744 quanta
1109 1657 1270 1726 beneficia
1291 1657 1421 1741 populis
1444 1655 1594 1739 contulit,

352 1761 428 1827 dum
451 1762 621 1844 Norvegiae
643 1765 712 1829 Rex
732 1763 872 1846 praeiuit.

440 1866 551 1954 [Resp]
595 1878 631 1936 In
653 1877 749 1956 regali
773 1907 810 1918 -
835 1878 979 1938 calestia.

434 1976 541 2054 [Vera]
588 1981 741 2043 Sordobat
762 2010 804 2024 ·-
825 1983 1002 2044 vilescebat.

433 2078 554 2165 [Lectio
576 2078 635 2164 II]
678 2079 742 2148 seu
766 2083 965 2148 econverso
996 2098 1171 2164 perpessus
1200 2085 1253 2146 est
1274 2081 1393 2148 multas
1417 2080 1437 2144 d
1459 2077 1592 2161 quibus·
1630 2095 1657 2141 rs

351 2186 424 2252 dam
446 2184 686 2266 tribulationes,
711 2186 815 2253 donec
836 2185 967 2252 illorum
989 2185 1197 2254 multitudine
1214 2188 1371 2254 resistere
1389 2203 1455 2252 uon
1471 2183 1596 2266 valeus,

348 2291 489 2358 secessit
515 2289 549 2355 in
578 2291 739 2370 Rusciam,
773 2291 877 2360 donec
899 2290 1059 2358 voluntati
1092 2310 1162 2358 sure
1190 2310 1229 2359 ac
1258 2289 1428 2375 proposito
1463 2294 1595 2372 tempus

348 2395 509 2478 ydoneum
542 2396 702 2462 Dominus
737 2395 885 2463 conferre
919 2395 1115 2478 dignaretur.
1162 2396 1222 2463 Ubi
1252 2395 1493 2462 riVeuuallano
1513 2395 1594 2462 Pro·

347 2500 462 2568 vinciae
511 2501 655 2585 ejusdem
701 2504 790 2583 Rege
836 2498 1005 2583 magnifico
1051 2501 1191 2582 gloriose
1235 2505 1420 2583 susceptus,
1467 2500 1594 2567 honore
1724 2525 1725 2594 j

349 2606 563 2691 amplissimo,
598 2608 751 2690 quamdiu
780 2606 826 2673 ibi
855 2624 983 2672 morare
1010 2607 1122 2687 voluit,
1152 2607 1283 2672 habitus
1315 2610 1375 2672 est.
1420 2604 1491 2670 illic
1513 2605 1592 2672 verb
1628 2617 1657 2664 20
1724 2599 1725 2691 l

351 2730 415 2779 non
438 2729 539 2795 parvo
568 2718 714 2797 tempore
744 2713 932 2779 demoratus
957 2716 991 2777 et
1012 2711 1184 2778 honestam
1207 2711 1284 2778 vitre
1306 2711 1444 2777 formam
1467 2715 1503 2776 et
1524 2728 1595 2777 suae

351 2817 518 2898 religionis
549 2817 677 2884 celebre
703 2823 947 2884 monumentum
968 2816 1082 2884 incolis
1105 2817 1244 2899 reliqvit,
1267 2815 1413 2898 Denique
1437 2816 1595 2882 decoctus
1723 2855 1724 2868 κ

351 2922 426 3003 igne
454 2922 703 3004 persecutionis,
738 2923 845 2989 divino
875 2921 1053 3004 inspiratus
1083 2923 1248 3003 instinctu,
1277 2939 1338 3003 per
1360 2921 1483 2988 Sveciae
1510 2919 1592 2988 fines

355 3027 398 3092 ad
419 3027 551 3110 propria
572 3029 738 3094 remeavit.

438 3130 548 3216 [Barp]
595 3139 619 3199 0
644 3145 773 3218 quantus
798 3170 836 3182 -·
859 3140 1037 3219 prodicere.

438 3241 544 3318 [Vara]
588 3245 706 3306 Multos
724 3245 860 3308 habebat
886 3275 920 3284 -
944 3251 1091 3306 evertere.

438 3342 559 3424 [Lectio
582 3341 660 3423 ΠΙ]
704 3343 841 3409 indutus
863 3344 962 3424 igitur
983 3343 1084 3410 lorica
1104 3341 1193 3426 fidei,
1216 3342 1393 3426 objiciebat
1413 3359 1452 3408 se
1475 3343 1594 3424 sponte
1721 3393 1722 3398 η

351 3447 514 3531 periculis,
539 3449 734 3531 martyrium,
758 3449 786 3514 si
808 3448 879 3515 Deo
902 3449 1078 3531 placuisset
1098 3466 1162 3514 non
1184 3465 1349 3514 recusans.
1395 3446 1490 3513 Anno
1519 3463 1593 3529 per·

352 3559 426 3620 acto
459 3557 586 3620 veteres
619 3553 732 3620 hostes
766 3561 987 3622 convenerunt
1024 3553 1203 3636 iniquitatis
1240 3551 1411 3619 consilium
1449 3551 1592 3618 inientes
1720 3631 1721 3644 χ

353 3661 507 3726 adversus
541 3659 715 3726 Dominum
749 3664 783 3726 et
815 3660 973 3728 adversus
1006 3659 1171 3727 Christum
1204 3657 1284 3741 eJus.
1342 3658 1421 3724 Erat
1454 3672 1591 3738 namque
1623 3678 1650 3723 rc

350 3765 438 3832 illius
472 3765 619 3832 doctriua
651 3765 779 3832 illorum
812 3766 965 3848 operibus
998 3765 1093 3832 valde
1127 3764 1298 3831 contraria.
1343 3762 1439 3829 Unde
1461 3760 1591 3844 quidam

352 3889 392 3936 ex
415 3871 471 3952 eis,
501 3871 668 3954 eujusdam
691 3871 812 3936 Kanuti
835 3872 904 3954 ejus
927 3870 1105 3936 adversarii
1129 3869 1318 3936 muneribus
1342 3868 1499 3950 corrupti,
1520 3865 1590 3947 qvi·

1085 1951 1125 1977 =
1148 1949 1179 2007 p,
1205 1924 1377 1988 pggra—so,

1138 3213 1178 3237 =
1201 3211 1231 3270 p.
1256 3187 1429 3249 pppis-as,

352 3975 426 4040 dam
447 3993 524 4042 uero
546 3975 679 4042 malitiae
701 3994 769 4041 suae
793 3976 957 4056 instinctu,
981 3993 1096 4041 novam
1119 3974 1308 4055 religionem
1331 3973 1477 4056 paternis
1500 3969 1590 4036 scili·
1719 3967 1720 3982 ³

352 4085 404 4146 cet
432 4081 560 4163 legibus
588 4081 782 4147 contrariam
810 4086 1010 4161 recusantes,
1035 4079 1183 4146 ordinato
1208 4079 1350 4145 exercitu
1372 4078 1405 4144 iu
1426 4079 1514 4157 loco,
1537 4073 1590 4158 qui

351 4205 435 4252 nuuc
465 4184 640 4252 Stichistad
675 4186 857 4269 appellatur
889 4188 1094 4268 ignorantem
1123 4189 1156 4250 et
1184 4184 1204 4250 d
1232 4184 1291 4249 sud
1317 4187 1414 4264 gente
1443 4181 1588 4264 aliquan·
1621 4200 1647 4246 rs

350 4292 454 4357 tulum
477 4292 653 4360 distantem
676 4292 797 4372 Regem
819 4290 907 4357 bello
929 4290 1103 4372 excipiunt.

436 4397 546 4481 [Respa]
591 4406 694 4463 Iustus
717 4423 788 4464 vcro
812 4433 852 4444 -
872 4425 949 4464 eum.
973 4425 1011 4450 =··
1033 4424 1062 4480 p.
1088 4399 1315 4462 23339-2342.

762 4500 817 4581 [Im
838 4502 975 4567 secondo
995 4498 1175 4584 morbum}

436 4607 544 4692 [Κεφ]
588 4613 635 4672 Ex
658 4634 716 4690 qvo
740 4615 819 4678 enim
841 4613 1021 4697 purificatus
1051 4617 1118 4673 crat
1144 4612 1267 4672 lavacro
1291 4610 1428 4684 salutari,
1457 4611 1584 4688 repente

349 4723 483 4786 mutatus
507 4723 574 4783 erat
595 4719 627 4778 in
650 4718 752 4782 alium.
1616 4721 1643 4770 4⁰
