3448 5428
1308 428 1366 495 271

216 615 309 702 [Aut]
356 619 481 697 Quidam
510 620 662 684 Sacerdos
690 622 840 682 truncatis
862 619 1005 682 membris
1028 619 1174 682 exanimis
1196 621 1372 700 imploravit

126 749 218 808 opem
242 729 370 808 gloriosi
393 730 546 806 Martyris,
576 748 704 806 moxque
733 733 857 787 sanctus
886 730 917 786 in
940 728 1076 804 sompnis
1099 728 1246 804 apparuit
1268 730 1300 785 et
1322 745 1371 786 sn·

124 835 193 895 bito
215 837 314 912 plenae
338 836 464 894 sanitati
485 835 636 894 ressttuit.

213 933 307 1017 [Aret]
357 943 527 1018 Imperator
560 941 684 1000 Graecus
718 957 886 1016 oppressus
920 938 950 995 in
985 938 1092 1014 praelio
1123 941 1154 994 et
1183 938 1307 996 attritus
1331 937 1369 996 ab

72 1046 87 1090 ⁵
126 1047 266 1106 exercitu
288 1045 499 1117 barbarorum,
524 1045 667 1122 deposcit
689 1063 778 1121 opem
801 1043 946 1116 Martyris
969 1043 1110 1118 gloriosi:
1145 1062 1213 1102 cum
1241 1043 1370 1118 repente

124 1155 254 1211 sanctus
278 1149 459 1210 Christianis
496 1154 626 1228 apparet
658 1155 748 1225 atqve
782 1149 852 1207 illos
879 1147 1060 1226 praecedens
1089 1148 1219 1223 insignis
1243 1146 1372 1222 signifer

122 1255 270 1316 hostilem
293 1255 432 1332 profudit
454 1255 630 1313 exercitum.

212 1351 306 1436 [Ant]
351 1358 449 1418 Hodie
472 1359 628 1436 pretiosus
651 1387 689 1397 -·
714 1378 833 1418 omnem
856 1378 988 1418 sensum.
1013 1379 1051 1403 =
1075 1377 1105 1434 p.
1131 1353 1304 1417 23813-15.

198 2107 224 2172 I.
269 2054 584 2172 BRUDSTYKllER
605 2105 690 2170 FRA
712 2104 951 2171 ISLANDSKE
975 2105 1289 2172 LEGENDARIER.

59 2324 88 2368 10
213 2299 376 2376 „Legenda
399 2299 436 2357 de
455 2297 485 2357 S.
507 2295 610 2370 Olavo,
636 2297 791 2373 exscripta
814 2317 850 2355 ex
871 2297 1043 2373 fragmento
1065 2299 1100 2370 A,
1121 2298 1233 2358 collata
1255 2297 1368 2357 deinde

121 2426 192 2467 eum
210 2405 390 2482 fragmentis
411 2403 437 2462 B
462 2401 487 2461 d
510 2401 542 2461 G.
599 2400 706 2460 Omnia
736 2402 802 2460 haeo
835 2402 1007 2477 fragmenta
1034 2405 1066 2460 in
1087 2403 1226 2462 lelandia
1258 2409 1367 2464 nactus

123 2531 201 2570 sum.
253 2509 471 2585 Fragmentum
495 2508 520 2564 A
542 2511 608 2565 erat
631 2526 702 2582 pars
725 2506 850 2564 libriin
873 2507 971 2565 formt
992 2508 1109 2579 octavt,
1134 2510 1294 2586 scriptura
1321 2530 1367 2569 aa·

121 2618 166 2676 tis
198 2618 328 2674 vetusta
362 2617 394 2671 et
424 2613 499 2670 satis
530 2612 679 2687 elegantis
708 2613 738 2669 in
769 2611 954 2671 membrant.
1005 2611 1172 2688 Fragment
1194 2615 1218 2672 B
1242 2619 1308 2672 erat
1331 2633 1368 2672 ex

118 2720 201 2780 libro
223 2721 254 2778 in
278 2721 331 2777 4to
354 2718 534 2776 recentioris
560 2717 657 2775 aetatis
680 2718 709 2774 in
734 2716 917 2789 membramt,
951 2735 1059 2792 parum
1082 2719 1240 2794 eleganter
1259 2720 1368 2794 scripti

57 2844 84 2888 15
119 2845 180 2885 nec
214 2827 288 2884 satis
322 2827 474 2886 accurate.
529 2821 645 2880 Fuerat
673 2821 723 2879 hic
754 2820 860 2892 codex,
891 2841 958 2896 cum
984 2823 1105 2900 integer
1128 2827 1221 2896 esset,
1243 2824 1362 2901 Templi

117 2931 314 3006 Flateyensis
337 2930 369 2987 in
391 2927 527 2986 lelandia
550 2925 743 2984 occidentali.
794 2926 1010 3002 Fragmentum
1033 2926 1056 2986 G
1080 2933 1147 2986 erat
1169 2933 1360 3004 segmentum

116 3035 192 3095 libri
214 3037 245 3094 iu
268 3037 321 3093 oto
344 3034 461 3110 majori,
485 3051 546 3089 non
568 3031 730 3089 admodum
753 3034 881 3108 antiqui,
905 3032 961 3091 sed
978 3032 1057 3090 bene
1078 3035 1194 3092 exarati
1216 3033 1248 3090 in
1269 3052 1360 3092 mem·

116 3141 225 3201 beant.
269 3141 303 3198 In
338 3138 445 3196 eodem
478 3139 636 3212 segmento
671 3135 819 3194 nonnulla
853 3141 940 3195 erant
973 3137 1011 3196 de
1040 3137 1070 3195 S.
1097 3137 1257 3210 Thorlaco,
1292 3159 1359 3216 quae

117 3245 194 3305 alibi
214 3245 369 3320 exscripta
385 3241 485 3300 habeo
506 3237 558 3312 [=
578 3241 642 3299 Scr.
661 3261 719 3299 rer.
738 3241 816 3300 Dan.
834 3241 883 3314 IV,
908 3243 979 3313 529,
1002 3241 1147 3318 Bpebgur
1165 3243 1189 3315 l,
1209 3240 1359 3316 402-3].

54 3364 82 3412 20
115 3352 194 3410 Tres
216 3350 270 3408 isti
292 3349 364 3408 libri
387 3365 514 3424 quorum
536 3345 708 3421 fragmenta
729 3352 940 3418 recensentur,
963 3347 1141 3423 legendario
1158 3350 1284 3408 fuerunt
1306 3368 1359 3408 seu

114 3455 256 3530 legendae
281 3455 318 3513 de
342 3453 461 3512 Sanctis
486 3450 601 3526 absque
625 3449 744 3508 officiis.
788 3450 973 3526 Fragmenta
995 3452 1020 3509 A
1044 3455 1068 3510 do
1089 3453 1113 3510 B
1137 3453 1246 3511 eodem
1268 3453 1358 3513 modo

113 3559 316 3635 incipiebant,
349 3559 380 3616 in
413 3558 584 3632 fragmento
619 3573 690 3614 vero
721 3553 744 3613 G
772 3556 871 3632 prima
896 3554 1035 3631 legendae
1067 3548 1172 3632 [indtil
1199 3559 1304 3617 tionis
1326 3577 1358 3635 p.

116 3655 210 3739 273⁶]
236 3664 373 3722 deerant.
417 3662 451 3719 ln
473 3661 643 3738 fragmento
670 3660 693 3718 Δ
715 3661 788 3735 post
809 3658 900 3717 finem
921 3660 1059 3736 legenda
1083 3662 1121 3720 de
1146 3662 1177 3721 S.
1197 3662 1292 3722 Olavo
1305 3666 1358 3722 im·

115 3769 248 3829 mediate
272 3768 474 3844 sequebatur:
497 3768 531 3825 In
556 3765 595 3824 ad
606 3765 726 3823 vincula
737 3763 820 3822 Petri
843 3754 1033 3840 [lsteAug.]
1056 3765 1148 3824 lectio
1173 3766 1188 3822 l
1215 3768 1358 3843 quemad·

53 3884 81 3931 2⁵
115 3875 239 3934 modum
262 3873 292 3932 S.
315 3872 424 3931 Petrus
449 3863 502 3930 &c
546 3870 636 3929 Petet
666 3869 737 3928 hinc
769 3868 930 3944 legendam
962 3871 1120 3946 pertinere
1156 3871 1195 3930 ad
1226 3871 1256 3931 S.
1289 3871 1358 3932 Olai

117 3980 197 4038 diem
220 3977 427 4048 emortualem,
450 3995 510 4034 non
535 3994 606 4033 vero
630 3975 668 4033 ad
692 3974 771 4033 diem
792 3974 1015 4032 translationis.
1052 4004 1089 4019 -
1122 3974 1157 4033 ln
1184 3976 1356 4053 fragmento

114 4083 139 4142 B
161 4083 324 4161 legendam
347 4081 376 4140 S.
402 4080 487 4140 Olavi
514 4079 688 4139 immediate
717 4077 938 4154 praecedebant
964 4077 1102 4153 legendae
1127 4079 1165 4138 de
1189 4079 1219 4140 S.
1242 4082 1356 4142 Iacobo

114 4188 266 4266 Apostolo
291 4182 384 4258 [etde
406 4181 493 4257 Juli],
518 4185 555 4243 de
580 4229 586 4242 .
611 4227 618 4241 .
643 4225 650 4241 .
674 4227 680 4241 .
705 4224 712 4239 .
736 4224 764 4254 .,
790 4183 826 4241 de
849 4181 953 4241 Felice
975 4184 1122 4260 episcopo
1145 4183 1292 4258 Romano,
1317 4186 1356 4245 d'e

117 4293 284 4370 Simplicio,
317 4291 466 4350 Faustino
492 4281 519 4347 du
545 4289 683 4347 Beatrice
719 4279 813 4363 [aude
842 4279 931 4362 Juli],
968 4291 1100 4364 etpost
1127 4290 1217 4348 istam
1253 4290 1290 4349 de
1326 4291 1356 4351 S.

52 4403 82 4450 ³0
121 4393 244 4456 Olavo.“
293 4391 387 4467 (Arne
410 4395 597 4470 Magnusson
618 4393 627 4449 i
652 4393 712 4450 670
727 4385 800 4468 qu).

198 4502 291 4560 Disse
318 4497 530 4572 Brudetylrlrer
560 4516 593 4554 er
621 4495 722 4570 trykte
750 4497 806 4554 hoe
837 4495 1003 4572 Langebck
1032 4490 1110 4570 (Sor.
1134 4518 1193 4557 rer.
1217 4498 1294 4558 Dan.
1317 4500 1355 4573 II,

118 4600 277 4680 530-32)
310 4603 487 4678 vaesentligt
521 4602 600 4660 elter
636 4602 663 4659 A
696 4600 766 4659 med
800 4601 983 4662 Udeladelae
1018 4602 1051 4660 af
1078 4603 1115 4664 de
1151 4602 1240 4666 fleste
1272 4605 1356 4666 Vari-

117 4713 216 4768 anter.
1191 4705 1193 4709 ’
