3508 5426
373 413 410 475 ia
572 405 574 411 ·
818 407 1010 462 reponsum
1028 409 1192 464 mousom

264 585 267 592 ’
369 598 404 660 at
431 593 580 660 comites.
635 591 717 658 Nam
751 599 790 658 ax
824 591 992 676 opulentia
1022 599 1098 660 nata
1123 600 1243 677 postea
1273 601 1326 663 est
1353 597 1537 677 insolentia,
1568 603 1600 662 ut

368 715 473 780 usque
496 698 658 779 hodieque
681 701 733 764 est
754 716 896 764 cernere.
950 699 1043 768 Unde
1065 705 1099 766 et
1121 701 1178 782 ilii,
1203 707 1239 767 ut
1257 701 1292 768 in
1309 702 1455 768 Romana
1473 701 1601 768 historia

305 867 321 892 Ι
367 804 537 886 reperitur,
551 804 591 870 ab
612 803 726 883 angelo
746 809 798 868 est
811 801 947 870 dictum:
968 823 1125 870 venenum
1143 806 1316 873 addidisti¹
1335 807 1492 874 ecciesim.
1515 808 1601 886 Quod

368 927 464 990 quam
482 908 641 974 veraciter
659 911 703 974 sit
719 909 851 987 dictum,
865 908 1057 990 quotidiana
1070 909 1167 991 (proh
1184 910 1291 994 dolor)
1303 913 1443 994 probant
1461 913 1602 994 exempla

363 1013 524 1096 jugesque
546 1013 717 1080 discordie
740 1015 827 1080 inter
849 1012 947 1080 duces
968 1019 1004 1080 et
1024 1013 1213 1096 pontifices:
1243 1018 1321 1098 quia
1351 1018 1439 1084 aliud
1468 1023 1520 1084 est
1545 1019 1600 1084 im·
1641 1027 1651 1070 ⁵
1726 1057 1728 1094 ,

366 1119 564 1201 probitatem
598 1118 755 1184 malorum
789 1116 939 1184 saeculari
969 1123 1137 1200 potestate
1166 1124 1200 1186 et
1228 1121 1339 1202 gladio
1370 1141 1492 1204 arcere,
1521 1125 1602 1190 aliud

366 1243 444 1290 cura
474 1243 510 1290 ac
543 1224 634 1306 virga
666 1222 826 1304 pastorali
855 1223 981 1312 animas
1015 1241 1139 1306 rogere.
1194 1227 1263 1314 Iste
1296 1229 1385 1309 Otto,
1420 1229 1602 1311 cognomine

366 1329 480 1408 Reios,
503 1327 589 1394 tilius
612 1326 674 1395 fuit
697 1328 838 1409 Ottonis,
863 1328 918 1410 qui
942 1329 1048 1394 dictus
1073 1335 1128 1396 est
1143 1332 1227 1414 pius,
1256 1333 1296 1398 de
1319 1333 1444 1416 optimo
1473 1339 1601 1416 parente

366 1433 476 1517 paone²
498 1435 615 1502 melier
637 1433 756 1517 proles.
801 1433 864 1500 Sed
888 1434 930 1500 ad
951 1439 1064 1502 nostra
1085 1435 1267 1502 redeamus.

521 1689 599 1772 Cap.
623 1688 675 1754 VI.
720 1689 769 1754 De
791 1706 872 1753 nece
896 1687 1067 1756 Guauildae
1089 1707 1150 1775 per
1172 1689 1279 1755 dolum
1303 1690 1455 1758 Haconis.
1628 1704 1650 1748 10
1727 1695 1728 1742 i

394 1915 418 1933 -.
450 1876 598 1940 Reverso
621 1877 733 1956 itaque
754 1874 867 1945 Hocou
897 1875 929 1939 in
951 1875 1153 1955 Norwagiam
1185 1875 1323 1944 diversis
1352 1877 1437 1944 inter
1465 1897 1504 1944 se
1531 1897 1599 1945 con-

365 1980 597 2048 flictationibus
630 1985 664 2045 et
692 1979 820 2046 insidiis
852 1979 994 2060 agebant
1025 1981 1095 2062 ipse
1127 1986 1161 2047 et
1191 1981 1394 2064 Gannilded,
1423 1985 1499 2066 quia
1527 1984 1599 2054 nulli

366 2102 478 2158 aarum
499 2087 613 2154 deerat
627 2087 709 2152 satis
727 2085 897 2168 ingeniosa
914 2086 1107 2166 malignitas.
1149 2087 1226 2168 Ipsa
1241 2088 1339 2168 'euasi
1357 2088 1542 2160 simulando
1556 2089 1599 2154 iu·
1726 2157 1728 2182 ἲ

365 2211 439 2273 gam
459 2192 599 2261 cedebat
616 2209 755 2274 semper,
768 2192 831 2256 iste
848 2182 1096 2273 insequebatur
1115 2192 1289 2272 interghoec
1307 2193 1397 2276 ragio
1415 2195 1598 2262 vastabatur
1727 2195 1728 2218 ¹

367 2302 402 2364 et
423 2298 517 2379 plebs
533 2298 686 2365 universa
707 2295 832 2380 maguis
850 2296 1066 2364 incommodis
1084 2295 1297 2364 afficiebatur.
1342 2298 1486 2366 Tandem
1509 2301 1599 2382 igitur
1626 2313 1647 2358 a

367 2401 482 2470 Hooou
503 2408 739 2472 commentatus
763 2407 815 2468 est
836 2401 1024 2485 hujusmodi
1052 2401 1180 2470 dolum:
1210 2403 1312 2470 muttit
1338 2404 1381 2468 ad
1409 2421 1517 2486 regam
1539 2405 1598 2470 Da-

293 2557 299 2568 .
367 2508 436 2588 ciet,
456 2509 519 2576 sibi
542 2514 619 2575 tame
642 2509 884 2589 amicissimum,
905 2503 980 2590 quia
1000 2508 1106 2574 adhuc
1127 2526 1303 2590 paganum
1325 2514 1478 2590 rogatui
1500 2509 1600 2574 mittat
1727 2509 1728 2512 ’

366 2612 494 2680 litteras
519 2615 559 2680 ad
580 2613 775 2680 Guuaildam
794 2613 923 2682 occulta
940 2617 1098 2696 petatque
1116 2613 1180 2678 sibi
1203 2631 1274 2682 eam
1296 2613 1330 2680 in
1352 2613 1599 2691 matrimonium,

439 2839 444 2866 ¹
467 2839 554 2890 rattot.
573 2835 693 2888 audituri
710 2835 786 2888 ΑΚΒ.
823 2835 834 2864 ¹
852 2835 904 2886 AS.
921 2834 983 2899 mgl.
1000 2833 1033 2889 K.
1076 2834 1190 2888 “ratast
1209 2834 1354 2888 Guunildax
1373 2839 1399 2891 S.
1417 2833 1555 2886 Gunuildix
1572 2833 1600 2886 A.

367 2924 497 2976 Gunuilda
513 2923 547 2976 K.

453 3137 481 3190 8.
526 3129 609 3209 pius]
655 3134 747 3192 Dstto
775 3134 902 3192 Tilnavn
932 3135 980 3192 for
1010 3134 1082 3192 Otto
1111 3134 1125 3191 I
1154 3133 1252 3192 findas
1283 3154 1378 3213 ogsaa
1409 3135 1501 3211 brugt
1531 3135 1540 3190 i
1574 3133 1603 3188 et

367 3237 569 3298 Haandskrist
590 3241 638 3297 ira
662 3241 731 3298 luta
753 3239 845 3298 Aarh.
874 3242 907 3298 af
928 3241 1010 3298 Petri
1033 3239 1162 3298 Diacoui
1184 3239 1408 3316 Chronologioa
1431 3241 1525 3298 series
1545 3237 1604 3295 uo-

366 3363 523 3404 manorum
546 3363 660 3422 regum,
685 3346 844 3404 consulum
868 3350 899 3403 et
919 3347 1137 3422 imperatorum
1162 3340 1216 3416 (M.
1237 3345 1272 3404 G.
1297 3346 1361 3406 Ser.
1384 3345 1437 3418 ΠΙ,
1462 3338 1542 3419 219).

412 3453 459 3510 12.
506 3447 801 3524 conflictationibus]
821 3451 874 3509 cfr.
888 3435 987 3528 Agrip
1001 3445 1142 3510 22—23:
1162 3451 1248 3510 Hann
1266 3451 1350 3526 hospi
1362 3473 1399 3510 en
1413 3457 1444 3510 at
1456 3449 1602 3526 nyfenguo

367 3556 426 3614 riki
455 3557 626 3632 gagnstopo
653 3560 663 3616 i
692 3557 834 3616 firstonni
863 3557 896 3614 af
916 3555 1062 3616 Gunhildi
1092 3556 1237 3634 konungo
1264 3557 1370 3632 mopor
1398 3577 1434 3616 oc
1463 3557 1493 3616 ld
1518 3555 1603 3615 haara

366 3663 436 3721 umb
461 3667 554 3721 annet
575 3662 642 3737 mab
665 3663 750 3722 illum
772 3665 908 3740 pretium
930 3661 1012 3736 pviat
1034 3661 1087 3736 pat
1114 3664 1209 3721 scorti
1237 3662 1345 3721 hvarki
1374 3662 1474 3737 beirna
1503 3689 1539 3700 -·
1560 3687 1601 3696 -

366 3769 447 3826 hana
471 3789 525 3828 var
546 3769 712 3846 spechingr
732 3768 830 3828 mikill
852 3769 862 3825 i
884 3768 985 3826 nitaoo
1009 3767 1100 3825 niani.
1124 3787 1159 3825 oc
1178 3767 1251 3841 verb
1269 3768 1352 3826 haum
1372 3768 1421 3841 fyr
1438 3768 1487 3842 bvi
1506 3762 1600 3839 albgri

368 3893 427 3930 ann
440 3873 590 3933 Gunhildr
610 3875 622 3930 ί
645 3875 743 3932 sinam
765 3873 884 3948 repom.
908 3873 990 3931 hann
1013 3873 1069 3930 atti
1091 3891 1130 3930 eu
1147 3873 1269 3950 ningott
1287 3871 1339 3946 nib
1352 3871 1467 3932 Harold
1482 3873 1601 3943 konnng

367 3997 403 4036 ar
428 3977 466 4052 ba
495 3978 549 4054 reb
577 3979 625 4038 far
650 3979 825 4038 Danmorce
855 3999 891 4039 oc
919 3977 1019 4037 bandi
1047 3978 1128 4036 hona
1156 3977 1192 4036 til
1228 3983 1260 4036 at
1288 3975 1369 4036 hann
1397 3977 1495 4037 scaldi
1522 3992 1601 4035 coma

366 4082 527 4158 flarapom
549 4083 601 4158 usp
624 4081 778 4143 Gunhildi.
802 4103 838 4143 oc
869 4103 955 4144 coma
982 4084 1075 4142 hanni
1104 4085 1138 4141 όι·
1158 4082 1242 4142 laudi
1264 4082 1332 4157 mab
1355 4083 1436 4158 paim
1462 4073 1545 4142 habau
1559 4077 1601 4137 'at

366 4189 449 4246 hana
472 4188 561 4248 sandi
583 4189 678 4248 bandi
692 4192 739 4258 ,rat
763 4191 813 4248 ait.
836 4209 873 4249 oc
896 4189 985 4248 sandi
1006 4208 1097 4248 mean
1125 4194 1157 4246 at
1177 4187 1261 4262 bibio
1282 4188 1409 4247 hennae.
1462 4188 1504 4248 Oc
1525 4189 1599 4246 hana

346 4293 458 4353 mendi
479 4295 573 4354 heuni
602 4295 643 4354 rit
670 4316 707 4356 oo
738 4295 818 4372 quob
845 4295 898 4370 pat
927 4293 1027 4354 sanat
1056 4297 1088 4352 nt
1114 4294 1176 4352 hon
1204 4294 1312 4370 gamot
1338 4294 1442 4369 giftiac
1472 4292 1600 4370 gasmlom

365 4399 512 4475 konungi.
536 4419 572 4459 oc
594 4401 655 4460 hon
676 4401 783 4476 hlupdi
805 4420 822 4459 a
844 4387 907 4475 pot.
931 4420 967 4459 oo
989 4417 1045 4458 uer
1073 4399 1191 4458 hennar
1216 4401 1265 4458 for
1294 4418 1349 4475 gor
1370 4397 1549 4476 prupbilaga
1567 4393 1601 4452 til

368 4503 532 4579 opprvpar.
555 4505 639 4580 laniat
660 4506 754 4584 begar
772 4508 832 4566 hon
856 4525 922 4565 com
944 4506 981 4564 til
1001 4505 1190 4564 Dammarear
1217 4505 1256 4579 pa
1286 4523 1341 4564 var
1366 4506 1426 4564 hon
1457 4505 1540 4564 tekin
1566 4517 1599 4559 oe
1727 4569 1728 4576 ἵ

368 4611 442 4668 auct
473 4610 485 4666 i
516 4615 593 4671 muri
626 4614 720 4672 einni.
754 4633 790 4672 ce
823 4613 893 4671 lanc
926 4631 980 4670 sva
1012 4611 1073 4670 hon
1107 4612 1204 4670 sinam
1239 4609 1363 4686 dapem.
1399 4614 1430 4670 at
1461 4611 1512 4685 bai
1541 4624 1599 4666 sam

369 4733 490 4794 margar
512 4717 625 4797 aeggia.
653 4717 723 4781 Sml.
743 4705 838 4799 opaca
855 4717 1153 4794 Jomsvikinga-saga
1171 4715 1245 4794 Oap.
1266 4717 1283 4774 7
1303 4711 1403 4788 (Fam.
1424 4715 1456 4774 S.
1473 4715 1523 4786 xl,
1541 4705 1598 4782 25).
