3524 5424
389 416 430 478 38
831 409 1024 464 Trimontium
1042 409 1205 465 mousom

389 597 571 680 driuson
595 596 722 662 Turnus
746 595 877 673 occidit,
911 573 1002 674 cnjus
1025 597 1164 658 mortem
1186 594 1303 662 bertus
1327 592 1407 660 didit
1428 594 1624 676 Augustinus

391 701 622 768 simulachrum
655 701 816 782 Apollinis
838 698 983 764 ,licuisse
1019 699 1103 764 miro
1141 699 1299 766 demonis
1339 699 1492 779 remotio,
1538 700 1627 781 quusi
1735 783 1736 792 ἵ

393 805 556 872 doluisset
577 823 729 872 occasum
752 808 812 872 viri
834 803 1030 886 probissimi.
1074 805 1243 870 Inventum
1273 810 1324 868 est
1357 805 1455 869 etism
1490 821 1546 868 ves
1581 823 1627 868 ur·
1735 799 1736 843 ³

394 911 721 992 genuculorum
745 930 843 994 super
874 915 989 992 pectus
1025 908 1103 990 ejus,
1135 909 1169 974 in
1199 927 1263 990 quo
1295 906 1458 975 confectio
1492 909 1628 990 myrrho
1735 914 1736 933 ³

396 1124 494 1195 10533
518 1123 602 1183 disse
626 1123 690 1182 Ord
711 1143 778 1184 mee
800 1124 905 1182 derior
927 1141 1004 1182 rure
1027 1121 1201 1182 udskrerne
1223 1123 1256 1180 ei
1268 1119 1418 1181 'enKilde
1439 1122 1525 1180 trec.
1541 1123 1628 1182 1120.

391 1229 454 1288 Hos
476 1227 618 1288 Willnelm
641 1228 674 1286 ef
693 1225 879 1302 Mnlmebury
901 1223 953 1298 (ΙΙ,
976 1219 1051 1300 206)
1083 1227 1230 1286 fortaelles
1252 1226 1313 1284 den
1336 1227 1492 1286 susledes:
1531 1227 1629 1298 „Tum

394 1351 506 1408 uorpus
529 1332 675 1392 Pallantis
697 1332 752 1392 filii
773 1332 919 1405 Evandri,
942 1332 979 1392 de
1004 1352 1063 1409 quo
1085 1331 1231 1407 Virgilius
1254 1336 1368 1404 narret,
1405 1332 1507 1392 Romoe
1529 1351 1629 1409 repes

392 1442 457 1498 tom
480 1441 527 1496 est
547 1437 708 1508 illibatum,
728 1439 847 1514 ingenti
868 1441 995 1513 stupore
1017 1438 1151 1496 omniurn
1174 1436 1258 1512 quod
1278 1441 1329 1494 tot
1346 1437 1457 1496 saecule
1473 1438 1630 1513 inpurup·

392 1543 477 1601 tione
499 1543 547 1600 sui
569 1543 735 1618 supererit,
770 1540 853 1618 qnod
887 1560 923 1600 ee
954 1543 995 1600 sit
1026 1545 1137 1600 nsturs
1169 1543 1364 1602 conditorum
1396 1557 1573 1618 corporum,
1599 1546 1631 1599 ot

394 1638 489 1707 'cerne
510 1648 692 1707 tabescente
715 1647 795 1706 cutis
819 1648 952 1706 exterior
973 1665 1094 1717 nervos,
1117 1647 1203 1705 nervi
1232 1662 1305 1704 oses
1334 1647 1522 1704 contineant,
1565 1646 1632 1705 His·

395 1757 445 1812 tus
468 1752 612 1822 vulneris,
639 1751 722 1828 quod
741 1754 774 1810 in
796 1751 897 1810 medio
921 1757 1047 1827 pectore
1059 1751 1178 1810 Turnus
1201 1751 1325 1823 feceret,
1350 1756 1483 1826 quotuor
1504 1749 1631 1828 pedibus

395 1860 427 1916 et
449 1859 540 1916 semis
562 1864 771 1917 mensuratum
794 1861 851 1914 est.
894 1856 1094 1932 Epitaphium
1114 1855 1291 1932 hujusmodi
1312 1861 1485 1931 repertum:
1515 1851 1634 1928 (Verset
1735 1899 1736 1902 η

394 1964 405 2020 i
425 1954 566 2034 Texten).
610 1961 697 2033 Quod
724 1980 787 2020 uon
809 1966 882 2020 tuuc
912 1960 1093 2021 crediderim
1113 1961 1235 2034 fectum,
1258 1961 1331 2020 licet
1348 1959 1519 2020 Germentr's
1536 1965 1632 2020 ›mster

394 2066 532 2126 Evandri
553 2055 665 2125 letinss
699 2067 819 2124 litteras
852 2065 973 2126 dicetur
1004 2067 1167 2136 inuenisse,
1200 2065 1257 2124 sed
1290 2065 1327 2124 eb
1360 2065 1461 2124 Ennio
1494 2061 1542 2124 vel
1577 2067 1632 2124 elio

397 2172 502 2248 eliquo
524 2173 649 2248 entique
673 2179 767 2249 poete
788 2173 1001 2248 compositum.
1044 2170 1166 2230 Ardens
1188 2170 1315 2228 lucerne
1335 2169 1377 2228 sd
1399 2176 1494 2246 cspnt
1514 2170 1635 2231 insonte

394 2283 461 2336 orte
484 2275 668 2347 mechanico,
691 2279 727 2334 ut
747 2275 861 2334 nullius
883 2274 975 2336 dutus
997 2277 1152 2347 violentis,
1174 2275 1288 2334 nullius
1310 2275 1440 2350 liquoris
1474 2275 1635 2352 aspergine

395 2381 513 2440 voleret
525 2383 671 2456 extingui.
707 2380 797 2453 Quod
818 2391 886 2440 oum
908 2381 996 2440 multi
1017 2382 1208 2452 mirarentur,
1231 2397 1320 2452 unus,
1341 2383 1377 2438 ut
1399 2397 1522 2456 semper
1543 2380 1636 2456 eliqni

396 2485 542 2546 solertius
564 2487 718 2561 ingenium
739 2488 771 2544 in
794 2485 881 2544 molis
909 2485 1032 2556 hebent,
1067 2485 1145 2560 stylo
1178 2485 1287 2544 subtus
1319 2483 1469 2544 flammam
1501 2486 1637 2545 torsmen

264 2669 267 2674 ι
393 2592 486 2664 decit3
513 2593 559 2651 its
572 2591 761 2652 ¹introducto
784 2609 855 2650 sere
883 2591 964 2666 ignis
998 2591 1128 2650 erenuit.
1185 2587 1304 2666 Corpus
1339 2609 1424 2650 muro
1459 2591 1637 2668 applicitum

397 2699 541 2758 restitute
563 2697 612 2756 sui
638 2698 790 2754 moenium
823 2695 1020 2755 altitudinem
1051 2696 1140 2767 vinit3
1162 2695 1217 2754 sed
1244 2697 1487 2771 procedentibus
1521 2696 1636 2767 diebus,

399 2801 564 2862 stillicidiis
606 2793 772 2860 rorulentis
805 2789 949 2867 infusum,
982 2817 1170 2860 communem
1205 2801 1380 2860 mortalium
1411 2803 1636 2878 corruptionem
1735 2871 1736 2880 ἦ

399 2907 525 2983 ognovit
556 2909 626 2965 oute
650 2905 752 2965 soluts
774 2909 806 2962 et
827 2908 929 2964 nervis
951 2901 1150 2966 fluentibus“.
1194 2905 1256 2964 Fre
1276 2905 1323 2966 W.
1347 2907 1380 2964 sf
1398 2905 1440 2965 Μ.
1470 2924 1504 2964 er
1535 2907 1636 2965 Beret-

399 3013 511 3090 pingen
535 3014 624 3086 guast
647 3029 721 3068 over
741 3011 777 3069 til
800 3010 977 3069 Vincentius
996 3010 1224 3069 Bellovsceusis
1248 3006 1352 3087 (Spec.
1371 3011 1442 3070 hist.
1461 3011 1554 3084 XXV,
1576 3003 1637 3083 34),

399 3117 435 3174 til
457 3115 728 3184 Flete-ennolerue
752 3112 956 3190 (Fletdbogen
978 3115 1030 3186 ΠΙ,
1056 3109 1129 3185 508)
1152 3133 1192 3190 og
1212 3115 1250 3174 til
1275 3116 1343 3176 Alb.
1366 3115 1482 3177 Krentn
1513 3111 1638 3188 (Metro-

399 3219 484 3296 polis
505 3219 554 3293 IV,
571 3213 634 3294 15).
668 3219 731 3279 Hos
756 3221 814 3278 den
837 3219 933 3278 sidste
948 3224 1031 3278 staur
1043 3213 1184 3295 (ligeeom
1205 3223 1215 3280 i
1229 3217 1263 3292 S)
1276 3223 1287 3279 i
1299 3219 1409 3279 Verset
1423 3227 1542 3291 „morte
1555 3215 1638 3280 suu“.

487 3329 513 3384 1.
557 3317 760 3400 Augustinus]
786 3324 851 3382 sml.
873 3322 919 3382 De
943 3325 1065 3382 civitate
1087 3324 1145 3383 Dei
1159 3325 1211 3396 111,
1227 3327 1259 3383 2:
1283 3325 1391 3400 Neque
1415 3327 1496 3383 enim
1518 3323 1638 3385 'aliunde

317 3481 321 3488 .
401 3429 514 3505 Apollo
525 3429 578 3488 ille
592 3428 755 3502 Oumenus,
769 3447 836 3488 oum
847 3429 997 3494 ¹adversus
1009 3428 1137 3488 Acboeos
1151 3447 1314 3505 regemque
1327 3429 1535 3489 Aristonicum
1551 3430 1641 3489 bello·
1735 3441 1736 3444 ’

400 3536 494 3601 retur,
509 3534 673 3622 quoti-idue
685 3533 810 3592 flevisse
821 3536 994 3592 nuntiatum
1010 3537 1073 3590 est:
1098 3551 1159 3608 quo
1177 3533 1319 3610 prodigio
1338 3534 1519 3610 horuspices
1533 3535 1640 3605 territi,

402 3657 468 3695 cum
479 3637 513 3695 id
530 3634 725 3696 simulacrum
743 3640 775 3696 iu
787 3658 869 3696 more
880 3640 1075 3719 putavissent
1087 3656 1155 3695 esee
1167 3639 1400 3714 projiciendum,
1413 3637 1542 3698 Oum'sni
1555 3657 1640 3698 senes

400 3743 644 3800 intercesserunt
678 3746 770 3819 etque
793 3742 968 3800 retulerunt
988 3741 1049 3798 tale
1073 3742 1247 3818 prodigium
1270 3747 1302 3802 et
1319 3743 1466 3802 'Andoohi
1489 3749 1521 3802 et
1542 3745 1640 3804 Perse

400 3846 483 3904 bello
504 3849 536 3904 in
559 3845 667 3906 eodem
690 3847 871 3922 apparuisse
893 3845 1052 3922 figmento:
1077 3849 1202 3923 etquis
1230 3847 1374 3906 Romanis
1408 3847 1543 3906 feliciter
1575 3829 1641 3924 pio-

400 3953 545 4022 venissst,
570 3949 608 4010 ei
630 3954 755 4010 senatus
778 3951 920 4009 eousulto
948 3951 1047 4010 eidem
1075 3952 1209 4028 Apollini
1243 3971 1299 4011 suo
1334 3953 1416 4010 done
1448 3970 1518 4011 esse
1550 3954 1641 4010 misso

400 4056 508 4114 testati
527 4059 608 4113 sunt.
650 4055 737 4114 Tune
760 4055 844 4114 velut
871 4057 1035 4130 peritiores
1069 4058 1159 4114 acciti
1190 4057 1372 4132 horuspices
1405 4057 1640 4133 responderunt,

397 4160 557 4218 simulacri
578 4159 731 4235 Apollinis
751 4159 855 4218 fletum
878 4161 948 4219 ideo
971 4140 1155 4238 prosperum
1168 4179 1236 4218 esee
1250 4157 1403 4233 Romanis,
1416 4162 1570 4238 ·quoniem
1586 4160 1641 4218 Ου-
1705 4189 1706 4192 “

349 4294 352 4298 ·
402 4283 491 4322 mene
514 4265 634 4323 colonio
655 4265 761 4324 Graeca
784 4285 851 4324 esse
875 4268 1001 4342 suisque
1023 4267 1126 4337 terris,
1148 4266 1229 4323 unde
1253 4269 1384 4324 ercitum
1407 4271 1499 4339 esset,
1530 4267 1563 4325 id
1586 4268 1640 4334 est.

401 4370 464 4445 ipsi
500 4365 625 4428 Grecis
666 4369 782 4428 luctum
815 4373 846 4427 et
880 4369 996 4428 eledem
1029 4371 1202 4446 Apollinem
1237 4369 1429 4446 significasse
1462 4371 1641 4447 plorantem.

402 4473 522 4534 Deinde
542 4491 612 4532 mox
631 4491 734 4550 regem
745 4475 953 4532 Aristonicum
975 4475 1087 4532 vietum
1109 4479 1143 4532 et
1164 4479 1287 4552 ceptum
1304 4491 1376 4536 esse
1395 4477 1567 4534 nuntiatum
1585 4477 1640 4544 eet,

405 4595 495 4654 quem
523 4579 604 4637 vinci
637 4581 744 4654 utique
774 4577 885 4652 Apollo
920 4577 1045 4636 nolebst
1075 4582 1107 4636 et
1137 4577 1270 4650 dolebat,
1304 4583 1336 4636 et
1368 4579 1426 4640 hoo
1455 4581 1503 4640 sui
1531 4577 1641 4654 lepidis

404 4683 496 4742 etism
534 4683 679 4758 lucrymis
725 4681 891 4742 indicebat.
957 4682 1045 4742 Unde
1087 4701 1149 4742 non
1176 4675 1420 4762 'usquequaque
1464 4687 1642 4763 incongrue,

1396 4847 1423 4892 C
