3448 5428
504 609 539 654 se
562 609 641 656 voce
665 589 841 656 dominico:

505 695 578 760 veui
600 695 698 760 chare
720 695 784 760 iam
807 698 942 776 repente

504 805 717 882 percepturus
740 799 850 865 celica.

504 984 573 1048 Hoc
597 984 708 1050 audito
733 1002 770 1050 se
792 1003 847 1050 rex
868 984 955 1049 lctus

505 1086 663 1153 offerebat
684 1088 804 1170 prelio:

504 1193 723 1275 impugnantis
744 1195 846 1275 partis
867 1199 958 1260 cetus

505 1297 602 1362 corde
626 1299 693 1363 coit
713 1298 828 1380 impio:

503 1403 608 1468 iustus
632 1403 720 1468 cadit
741 1401 779 1468 fit
802 1406 984 1486 completus

502 1507 596 1574 labor
618 1513 651 1574 et
671 1509 854 1590 promissio.

504 1694 636 1759 Summo
660 1692 754 1758 detur
776 1696 914 1760 creatori

414 1783 415 1786 ¹
502 1799 574 1864 laus
599 1804 633 1864 et
654 1797 822 1864 iubilatio:

503 1904 608 1969 honor
630 1903 733 1969 virtus
756 1904 972 1986 redemptori:

503 2009 605 2090 putris
626 2008 687 2074 soli
708 2008 790 2075 lilio:

503 2115 543 2178 ab
566 2118 702 2197 utroque
724 2114 796 2179 leus
818 2116 936 2181 umori:

503 2220 594 2285 cuius
617 2225 670 2283 est
691 2218 871 2300 promissio.
916 2222 1030 2288 Amen.

446 2607 620 2675 Lehtieme
643 2607 654 2674 i
675 2605 877 2672 Breviorium
899 2607 1082 2674 Lundense.

116 2776 118 2780 ¹
230 2793 339 2858 Lectio
361 2792 389 2858 1.
436 2791 608 2858 Gloriosus
630 2810 687 2858 rex
709 2792 865 2872 noruegie
888 2791 1002 2858 olauus
1020 2811 1093 2859 cum
1112 2794 1146 2859 in
1164 2791 1273 2875 anglia
1290 2792 1388 2859 fidem

148 2897 262 2963 christi
274 2896 455 2964 audiuisset
465 2897 498 2962 in
510 2896 700 2978 rothomago
713 2895 897 2978 baptisatus
910 2902 976 2962 est:
1000 2897 1195 2978 rediensque
1207 2896 1242 2963 in
1252 2913 1388 2978 regnum

147 3019 240 3068 suum
262 3001 406 3084 apostoli
428 3001 530 3068 vicem
552 3019 669 3083 gerens
692 3001 782 3067 verbi
805 3001 1015 3084 deigratiam
1039 3001 1154 3067 incolis
1172 3002 1364 3084 predioauit.

75 3121 110 3164 no
231 3107 341 3172 Lectio
365 3105 413 3173 II.
456 3105 633 3172 Plurimum
661 3106 801 3187 proiecit
827 3107 859 3172 in
889 3106 982 3172 breui
1011 3113 1045 3172 et
1066 3107 1261 3173 constructis
1284 3106 1388 3173 eccle·

147 3212 204 3278 siis
237 3211 504 3278 innumerabilem
536 3211 665 3278 domino
692 3210 934 3277 multitudinem
956 3211 1068 3294 populi
1092 3210 1274 3294 acquisiuit,
1303 3212 1387 3278 vnde

148 3321 182 3383 et
200 3318 356 3399 plurimas
380 3316 536 3382 excitauit
558 3319 670 3382 contra
692 3334 766 3381 eum
789 3315 939 3380 diabolus
961 3316 1138 3382 incolarum
1161 3315 1317 3384 insidias:
1340 3317 1388 3382 ito

146 3427 181 3487 vt
204 3420 427 3504 multiplicatis
452 3420 600 3487 hostibus
621 3421 697 3486 iidei
721 3426 895 3501 cogeretur
916 3421 949 3485 in
972 3420 1113 3487 ruthiam
1137 3420 1270 3488 exulari.

231 3524 339 3592 Lectio
360 3525 428 3591 111.
472 3526 590 3591 Diuina
607 3525 746 3606 denique
766 3525 980 3606 inspiratione
1000 3524 1135 3592 edoctus
1154 3526 1288 3608 cupiens
1305 3543 1387 3609 opus

76 3641 110 3688 25
148 3627 238 3696 fidei:
263 3631 350 3711 quod
374 3636 524 3713 ceperat:
547 3631 778 3696 consummari:
802 3635 836 3696 vt
857 3629 1023 3712 perfectus
1047 3630 1173 3697 athleta
1196 3630 1386 3714 martyrium

148 3735 316 3818 suscipere
339 3754 403 3801 non
425 3753 580 3802 recusans
604 3754 663 3818 per
684 3734 766 3801 fines
789 3736 897 3801 suecie
921 3735 962 3800 ad
985 3735 1118 3818 propria
1140 3736 1310 3802 remeauit.

231 3839 338 3906 Lectio
359 3839 446 3905 IIII.
491 3841 660 3907 Redeunte
682 3842 782 3921 igitur
809 3859 886 3922 rege
915 3847 1089 3907 occurrunt
1117 3841 1233 3907 hostes
1255 3837 1331 3907 fidei
1353 3841 1386 3907 in

147 3945 239 4026 graui
262 3946 483 4011 multitudine:
506 3945 616 4027 quiin
638 3964 747 4028 regem
769 3945 895 4011 infesti:
920 3944 1144 4027 multiplicatis
1166 3943 1200 4012 in
1224 3964 1297 4013 eum
1314 3945 1385 4012 vul·

149 4049 295 4115 neribus:
320 4049 440 4116 christo
463 4054 636 4132 martyrem
659 4050 881 4116 reddiderunt.

75 4179 112 4224 so
232 4153 341 4221 Lectio
372 4155 405 4221 V.
448 4155 554 4221 Nocte
571 4158 679 4222 autem
698 4157 896 4238 precedente
914 4156 1000 4221 diem
1013 4155 1177 4238 passionis
1196 4154 1281 4221 eius:
1302 4153 1386 4221 vidit

148 4259 271 4325 scalam
304 4261 394 4325 celos
427 4265 631 4341 tangentem:
665 4279 725 4342 per
755 4278 852 4342 quom
884 4261 1087 4326 descendens
1111 4260 1252 4326 christus
1275 4258 1385 4327 aiebat

146 4364 204 4433 illi.
250 4364 329 4432 Veni
353 4365 471 4431 dilecte
501 4367 559 4431 mi:
589 4370 719 4447 tempus
748 4370 798 4431 est
825 4373 860 4431 vt
880 4365 1027 4431 laborum
1051 4371 1180 4431 tuorum
1202 4363 1328 4432 fructus
1350 4365 1384 4431 in

148 4476 262 4539 eterna
283 4469 386 4536 letitia
410 4471 581 4552 percipias.

231 4573 340 4640 Lectio
370 4573 424 4640 VI.
469 4572 641 4658 Completa
662 4579 771 4642 antem
783 4574 952 4656 passione:
975 4592 1047 4640 curn
1067 4593 1184 4658 corpus
1203 4574 1273 4642 eius
1294 4575 1383 4641 laua-

74 4704 110 4754 ns
146 4685 250 4750 retur:
283 4679 431 4762 proiecta
460 4686 513 4747 est
542 4698 626 4763 aqua
654 4680 753 4746 mixta
781 4679 937 4761 sunguine
964 4679 1114 4763 martyris
1146 4683 1222 4748 ante
1253 4679 1383 4748 ianuam
