3448 5428
388 423 452 488 246

472 589 575 686 Remo.¹
628 607 656 672 Ο
686 610 828 688 quantus
855 605 933 672 fidei
963 606 1073 672 leruor
1099 605 1303 674 inuictissimi
1336 606 1478 671 martiris
1513 608 1626 685 pectus

391 710 585 777 accenderat
614 709 670 792 qui
704 709 735 774 in
769 711 875 776 medio
907 711 1052 791 gentium
1086 709 1256 777 ellererum
1289 709 1500 776 constitutus.
1558 709 1627 774 Non

391 815 542 880 cessabat
563 822 672 880 tamen
692 815 807 880 salutis
829 815 964 882 uerbum
987 816 1114 882 cunctis
1136 815 1317 898 predicare.

472 939 553 984 vers.
607 919 727 986 Multos
759 919 903 986 habebat
935 920 1143 987 aduersarios
1172 920 1227 1002 qui
1260 919 1332 986 uias
1366 917 1489 986 domini
1522 923 1628 984 rectas

389 1024 592 1090 conabantur
612 1027 771 1096 euertere.
814 1025 887 1090 Non
907 1043 1008 1092 cessa.

519 1191 593 1256 3dr'e
614 1189 712 1272 Blod,
734 1191 895 1258 Forsidcn
920 1196 972 1271 [a
996 1211 1026 1274 p.
1051 1198 1215 1258 23ηΜ
1237 1211 1279 1274 og
1301 1191 1491 1275 23230-32}

474 1326 611 1408 Magnus
634 1326 782 1392 dominus
805 1331 839 1392 et
860 1327 1033 1392 laudabilis
1056 1327 1159 1392 valde.
1182 1327 1236 1408 qni
1260 1327 1345 1406 regis
1363 1326 1451 1390 olaui
1468 1325 1629 1390 industria

389 1429 422 1494 in
444 1428 604 1494 lateribus
626 1431 786 1512 aquilonis
811 1430 957 1496 fundauit
981 1431 1148 1496 ciuitatem
1172 1448 1275 1495 snam.

470 1555 523 1616 ps.
544 1534 662 1602 venite.

472 1636 619 1720 tymeus.
662 1638 751 1704 Deus
773 1642 912 1704 tuorum.

831 1806 866 1872 In
888 1807 992 1888 primo
1016 1811 1185 1872 nocturno.
1714 1865 1716 1930 4

474 1945 538 2008 ortt.
581 1925 750 2022 Regnante
761 1939 978 2007 illustrissimo
1001 1960 1078 2022 rege
1099 1941 1194 2007 olauo
1218 1941 1304 2022 apud
1323 1939 1510 2019 nonnagiam
1535 1958 1629 2006 vene·
1714 1933 1716 2012 l

392 2049 469 2110 runt
490 2043 555 2109 illic
577 2062 735 2126 precones
758 2045 849 2110 verbi
872 2043 936 2110 dei.

527 2212 603 2276 ader
624 2209 723 2292 Bae,
746 2212 910 2294 Bagsiden
934 2212 988 2296 [ε
1011 2219 1043 2295 p:
1066 2215 1275 2279 earm-ease
1300 2230 1343 2294 og
1363 2191 1486 2295 2331012

470 2364 524 2428 ps.
569 2345 693 2411 Beatus
713 2347 771 2412 vir.
1279 2431 1282 2438 A
1658 2351 1678 2394 ¹⁵
1715 2393 1716 2396 ,

475 2453 541 2515 ont.
584 2449 653 2515 Rex
681 2455 789 2516 autem
818 2449 874 2515 ille
903 2450 981 2515 licet
1011 2449 1141 2532 gentilis
1168 2454 1284 2515 natura
1310 2448 1466 2528 benignus
1497 2454 1572 2514 erat
1600 2451 1630 2514 et
1715 2449 1716 2466 ³

390 2553 432 2620 ad
457 2553 598 2620 honesta
625 2571 753 2636 queque
779 2553 947 2636 sequenda
977 2553 1118 2636 qnadnm
1148 2553 1265 2619 mentis
1292 2553 1493 2634 ingenuitate
1523 2570 1629 2636 prom·

389 2659 546 2726 tissimus.
1459 2674 1462 2684 ·

469 2781 523 2845 pc.
565 2763 672 2842 Quare
693 2762 836 2830 fratrem.

474 2872 542 2934 ont.
585 2867 646 2933 Hic
677 2867 863 2950 coangelice
893 2867 1042 2934 ueritatis
1063 2867 1272 2934 scinceritate
1294 2873 1460 2950 comperta
1484 2867 1527 2932 ad
1552 2867 1628 2949 bap·
1656 2869 1678 2912 ²⁰

389 2972 476 3039 tismi
499 2972 637 3054 gratiam
661 2971 779 3038 denota
802 2971 973 3038 alacritate
995 2971 1189 3039 conuolauit.

468 3097 521 3160 ps.
565 3075 706 3141 Domine
727 3077 812 3158 quid.
1043 3069 1046 3076 ’
1175 3143 1179 3151 ,

445 3172 553 3245 ‘vera
598 3179 710 3246 Gloria
732 3181 920 3246 ethonore.

476 3283 575 3366 Resp.
620 3283 657 3350 In
679 3285 780 3365 regali
805 3283 935 3366 fastigio
958 3285 1155 3351 constitutus
1176 3283 1295 3366 spiritu
1315 3302 1440 3367 pauper
1463 3290 1537 3350 erat

685 3469 764 3534 odie
783 3468 882 3550 Blud,
906 3469 1071 3551 Bagsidon
1095 3471 1148 3548 [-·--
1171 3468 1324 3552 2341-⁹].

476 3617 694 3698 -pcuescebat
716 3619 770 3704 [ad
800 3618 1041 3686 multitudinem
1067 3619 1199 3685 nimiam
1221 3638 1281 3685 nec
1305 3617 1474 3702 despectio
1496 3619 1628 3702 propin·

391 3724 541 3806 quo]rum
564 3724 711 3790 terrebat
733 3735 814 3789 cum.

481 3825 568 3892 Vero.
613 3827 779 3895 Offerebnt
801 3845 836 3892 se
857 3831 974 3908 sponte
997 3825 1150 3908 periculis
1176 3825 1355 3892 martirium
1377 3828 1544 3908 suscipere
1567 3845 1629 3894 non
1710 3841 1711 3870 ÷

391 3949 552 3998 recusans.
594 3933 676 3998 Non.
873 3997 876 4004 .

475 4035 586 4102 Gloria
606 4037 691 4118 putri
714 4039 747 4100 et
767 4033 835 4100 filio
859 4039 893 4100 et
914 4035 1043 4117 spiritui
1066 4040 1191 4102 sancto.
1657 4035 1678 4084 ³⁰

870 4218 907 4283 In
930 4217 953 4285 ii
976 4223 1145 4318 nocturno.

475 4373 539 4436 ont.
582 4368 776 4436 Purificatus
803 4369 902 4450 igitur
926 4371 1058 4436 lauacro
1087 4369 1223 4435 salutari
1250 4374 1386 4452 repente
1413 4375 1562 4437 mutatus
1584 4374 1631 4436 est

390 4473 422 4540 in
445 4474 545 4541 alium
566 4475 682 4539 uirum.

470 4598 522 4659 pa.
566 4576 735 4643 (luminu.

386 4692 392 4704 '
474 4685 538 4748 aot.
583 4681 718 4746 Conse·
