3524 5424
364 375 405 438 34
784 369 977 426 Tullonium
995 371 1158 426 mousom

363 555 430 636 igni
451 553 673 622 incenderunt.
720 555 768 620 Ab
798 555 880 638 ipsis
916 561 1033 640 postea
1065 575 1138 622 cum
1172 556 1361 622 obsiderent
1382 541 1602 638 Agrippinam,

364 680 437 744 quoe
459 659 557 726 modo
581 657 716 724 Colonia
737 659 864 740 dicitur,
886 660 1095 743 martyrizata
1113 665 1166 726 est
1183 660 1280 728 beata
1292 660 1412 728 Ursulo
1431 659 1497 727 lilia
1518 660 1604 742 regis

363 766 547 832 Brittonum
571 783 643 830 cum
666 763 753 830 omni
777 766 933 832 comitatu
955 783 1013 830 suo
1036 766 1207 848 utriusque
1232 783 1328 830 sexus
1350 783 1444 848 paene
1466 764 1603 833 incredi-

363 870 420 936 bili
442 869 660 936 multitudiue.
705 867 776 948 Quo
801 868 926 938 scelere
949 872 1089 954 patrato,
1122 871 1208 936 versi
1241 876 1318 936 sunt
1342 870 1418 938 ilico
1451 869 1603 936 divinitus
1739 957 1740 960 Ἴ

363 959 394 1042 in
417 973 526 1055 lugam
548 979 582 1043 et
603 974 743 1041 liberata
765 979 818 1040 est
839 974 952 1040 civitas
985 974 1109 1042 meritis
1138 973 1402 1042 beatissimarum
1434 975 1603 1056 virginum.
1637 985 1650 1030 ⁵
1739 971 1740 1016 ³

364 1079 635 1165 Completumque
655 1085 708 1144 est
728 1079 761 1146 in
784 1079 840 1160 eis,
864 1073 951 1166 quod
974 1079 1135 1162 scriptura
1165 1077 1258 1146 dicit:
1289 1080 1419 1162 Fugit
1452 1078 1604 1161 impius

362 1185 527 1254 nomine
559 1190 859 1268 persequente,
890 1191 924 1250 et
951 1185 1030 1250 item
1063 1184 1142 1252 illud
1171 1184 1368 1268 psalmistae:
1405 1184 1467 1250 lbi
1500 1184 1605 1250 ceci·
1739 1187 1741 1258 l

362 1291 514 1357 derunt
549 1289 617 1370 qui
647 1288 937 1371 operabantur
959 1289 1241 1372 iniquitatem,
1265 1289 1312 1374 [in
1335 1289 1432 1356 corde
1454 1288 1605 1369 seilicet,¹
1739 1261 1741 1316 l

363 1394 526 1478 expulsi
548 1397 646 1460 sunt
666 1412 738 1460 nec
760 1399 987 1478 potuerunt
1009 1399 1137 1460 stare.

363 1661 440 1745 Cap.
463 1661 579 1728 XVIII.
625 1659 719 1742 Quod
742 1663 859 1728 beatus
882 1661 1002 1728 Olenus
1023 1661 1253 1744 repatriaverit
1287 1665 1321 1727 et
1354 1661 1394 1727 de
1429 1678 1603 1742 corporum
1636 1659 1662 1703 ¹⁰
1739 1633 1740 1700 ἶ

750 1765 964 1833 humanorum
987 1765 1224 1834 diminutione'.

286 2157 289 2163 Ι
360 2073 448 2154 potis
477 2073 537 2151 sui,
566 2071 642 2138 ilico
676 2073 764 2136 misit
797 2071 992 2138 Soeinonem
1023 2073 1123 2138 lilium
1157 2091 1251 2137 suum
1282 2073 1323 2138 ad
1357 2072 1602 2154 gubernandum

360 2196 494 2256 reguum
527 2175 705 2256 Norwagiae
737 2175 898 2258 simulque
931 2177 1151 2244 resistendum
1186 2175 1298 2258 Olavo,
1333 2178 1362 2242 si
1395 2178 1427 2242 in
1461 2171 1603 2259 patriam

360 2279 466 2347 redire
490 2281 704 2361 disponeret,
733 2281 761 2345 Ο
786 2281 896 2347 infelix
925 2288 959 2348 et
986 2282 1192 2364 inexplebilis
1214 2283 1374 2364 cupiditas
1398 2282 1599 2348 mortalium!
1635 2295 1662 2341 15

362 2385 547 2451 Omultum
570 2386 691 2450 misera
712 2386 853 2468 humana
875 2387 996 2452 anima!
1032 2405 1104 2468 quse
1137 2391 1258 2467 quanto
1291 2387 1395 2468 magis
1424 2389 1547 2468 sparsit
1567 2405 1603 2452 se

238 2523 245 2535 ·
360 2491 392 2555 in
415 2489 556 2555 visibilia
577 2492 641 2556 ista
663 2496 697 2556 et
719 2490 850 2556 dilatat⁸
872 2493 903 2556 in
925 2489 1061 2573 figuram
1083 2491 1179 2576 hujus
1203 2490 1322 2570 mundi,
1346 2509 1418 2574 quae
1445 2492 1602 2574 praeterit,
1668 2521 1672 2529 ·

360 2600 452 2659 tanto
476 2593 639 2660 difficilius
662 2601 740 2677 post
763 2595 847 2661 hane
880 2598 978 2661 vitam
1013 2593 1213 2674 recolligitur
1235 2600 1269 2660 et
1291 2615 1311 2660 a
1333 2597 1412 2676 Deo,
1436 2597 1490 2677 qui
1525 2615 1603 2662 vera

359 2697 555 2765 sufficientia
577 2704 636 2779 est,
661 2701 829 2765 alienetur.
873 2701 999 2771 Hocin
1022 2699 1154 2765 Kanuto
1179 2699 1260 2765 satis
1283 2717 1449 2782 superque
1485 2699 1602 2782 elucet,

360 2804 414 2884 qui
447 2821 523 2868 oum·
553 2804 617 2869 duo
650 2822 750 2886 regna
782 2805 977 2886 possideret,
1005 2804 1137 2870 tertium
1165 2803 1361 2886 justissimo*
1393 2805 1463 2885 regi
1487 2804 1600 2885 Olavo‚
1634 2815 1661 2861 20

360 2907 446 2987 quod
468 2907 515 2972 illi
539 2926 578 2972 ex
600 2909 688 2974 avita
710 2908 916 2975 successione
941 2907 1132 2988 debebatur,
1155 2907 1288 2974 molitur
1310 2909 1464 2992 eripere..
1482 2907 1601 2975 Olavus

359 3011 469 3092 ltaque
491 3016 528 3076 ut
550 3011 653 3077 fertur
675 3013 860 3078 admonitus
880 3013 913 3076 io
937 3015 1059 3078 somnis
1082 3014 1188 3078 redire
1213 3032 1285 3078 eum
1298 3019 1450 3095 oportere
1472 3015 1505 3078 in
1522 3015 1602 3079 Nor-

430 3231 508 3288 ¹SA.
535 3239 558 3288 A
584 3248 667 3290 eattae
689 3242 756 3292 disse
774 3240 825 3291 Ord
851 3242 1017 3304 iKlammer,
1045 3256 1079 3304 og
1105 3241 1268 3290 nedenunder
1286 3247 1369 3290 staar:
1397 3241 1525 3304 glossema
1550 3249 1600 3297 est;

359 3322 419 3374 ilrlre
437 3333 548 3390 optague
566 3327 573 3375 i
591 3327 625 3378 K.
677 3325 689 3354 ²
716 3329 775 3378 ΔΚ.
802 3331 975 3380 deminutione
993 3329 1018 3379 S.
1073 3323 1083 3355 ⁸
1111 3327 1162 3378 AS.
1182 3327 1297 3378 dilatavit
1314 3327 1347 3376 K.
1398 3323 1410 3353 ⁴
1437 3328 1496 3378 ΑΚ.
1512 3329 1600 3391 justis·

359 3415 449 3463 simum
468 3411 494 3461 S.
866 3423 868 3430 ·

445 3605 472 3660 3.
516 3605 678 3680 utriusque
702 3596 807 3680 sexus]
831 3604 923 3662 Detio
935 3604 1043 3679 Tillag
1060 3605 1149 3676 visor,
1165 3601 1294 3661 atFori.
1318 3604 1470 3661 reseraret
1484 3603 1600 3680 Legen-

359 3705 418 3764 den
440 3726 490 3765 om
511 3708 623 3768 Urania
645 3709 725 3767 ester
745 3709 804 3768 don
827 3710 927 3781 Form,
953 3727 1018 3768 som
1041 3707 1181 3766 dannede
1205 3709 1253 3784 sig
1274 3708 1354 3765 efter
1372 3707 1600 3782 Grarningerne

358 3811 415 3870 ved
438 3812 520 3879 Kpln
545 3813 624 3873 1155
649 3808 697 3886 (0.
722 3814 850 3886 Sohode,
873 3813 931 3872 Dia
955 3813 1032 3888 Saga
1056 3831 1114 3870 von
1138 3814 1193 3873 der
1214 3813 1244 3870 h.
1268 3813 1387 3884 Ursula,
1412 3811 1441 3870 S.
1467 3808 1576 3884 cedi.

442 3919 470 3974 6.
516 3910 683 3994 scriptura]
707 3917 851 3976 Proverb.
873 3915 1008 3988 XXVIII,
1036 3919 1049 3976 l
1074 3909 1303 3990 (IXirohmann)

443 4023 472 4077 7.
516 4013 691 4098 psalmista]
719 4021 829 4080 Psalm.
851 4019 970 4091 XXXV,
996 4021 1053 4080 13:
1076 4021 1123 4079 Ibi
1144 4021 1330 4092 ceciderunt,
1353 4022 1407 4096 qui
1430 4023 1600 4096 operantur

355 4125 566 4201 iniquitatem:
590 4127 711 4202 expulsi
733 4130 805 4186 sunt
827 4145 884 4184 nec
906 4130 1078 4202 potuerunt
1098 4130 1194 4184 stare.

445 4231 492 4289 12.
536 4221 690 4305 Xanntns]
715 4231 769 4289 eir.
782 4211 882 4307 [Igrip
894 4231 934 4289 48
948 4231 1057 4307 eglog.
1070 4230 1154 4308 Saga
1173 4231 1228 4288 77:
1252 4229 1298 4288 Eo
1316 4229 1462 4288 erKnutr
1480 4230 1528 4287 Ira
1548 4229 1597 4304 pai

357 4325 405 4407 (se
417 4333 447 4392 S.
462 4336 510 4406 31,
523 4327 617 4408 Note)
631 4334 668 4409 pa
681 4337 763 4394 eniti
774 4336 856 4393 honn
869 4335 960 4394 Svein
974 4353 1029 4394 sun
1043 4337 1111 4393 sinn
1124 4353 1160 4393 oo
1171 4333 1270 4392 Altino
1282 4333 1389 4408 mopor
1399 4333 1477 4392 hans
1490 4335 1501 4392 i
1513 4334 1594 4392 rikit.

442 4441 491 4498 22.
536 4430 723 4516 admonitus]
749 4440 803 4500 cfr.
826 4419 991 4516 Legenden
1013 4439 1037 4512 1,
1061 4441 1095 4497 8:
1120 4438 1224 4496 divino
1245 4440 1415 4513 inspiratur
1431 4439 1594 4508 instinctu3

354 4541 415 4618 leg.
433 4541 514 4618 Saga
535 4545 591 4602 ⁷8:
613 4543 695 4622 honn
719 4543 808 4622 sagda
834 4541 922 4618 paim
942 4547 976 4602 at
1000 4559 1036 4602 su
1060 4541 1196 4618 tilrislng
1211 4543 1306 4602 haovir
1323 4542 1487 4616 iirirhann
1503 4541 1596 4602 iromit

354 4648 389 4704 at
407 4645 489 4704 hann
511 4646 616 4706 skilldi
636 4621 725 4708 liasim
747 4649 814 4706 fara
833 4647 870 4706 til
891 4647 1025 4706 Nor-aka.

1737 1701 1741 1844 l

446 1947 593 2034 Kaputus
616 1985 692 2048 ergo
714 1986 770 2034 rex
792 1968 917 2048 Angliae
939 1973 977 2033 ut
999 1969 1152 2049 cognovit
1172 1967 1341 2034 interitum
1368 1967 1518 2032 Haconar
1544 1986 1602 2033 ne·
