3496 5424
237 1505 258 1546 1.
303 1479 460 1562 Tempore
484 1479 645 1561 magnifici
675 1481 881 1564 imperatoris
909 1481 1078 1551 Ottonis
1107 1483 1229 1565 primi
1260 1489 1330 1550 erat
1358 1483 1391 1548 in

151 1583 299 1665 partibus
310 1583 480 1666 Hyberniae
494 1582 595 1665 regali
607 1585 707 1667 stirpe
720 1587 892 1667 progenita
903 1585 1094 1653 beatissima
1111 1588 1293 1668 Sunniva,
1319 1605 1391 1670 quaa

51 1723 54 1731 ,
150 1693 245 1771 patre
269 1693 395 1754 mortuo
425 1707 560 1770 regnum
586 1689 658 1771 jure
687 1689 883 1756 hereditario
911 1692 1088 1772 regendum
1113 1693 1267 1775 suscepit.
1311 1693 1391 1758 Haec

151 1793 261 1859 studio
291 1794 367 1860 boni
398 1794 501 1874 patris
532 1793 564 1857 in
592 1793 656 1859 lide
678 1791 980 1887 Christiinstructa
999 1797 1156 1880 populum
1179 1797 1240 1863 sibi
1265 1797 1390 1878 subjec-

88 1928 101 1971 e
150 1903 219 1964 tum
243 1897 417 1980 vigilanter
437 1897 625 1963 retrahebat
647 1917 666 1962 a
687 1900 788 1982 noxis,
812 1901 986 1967 sanctitate
1014 1921 1144 1984 quoque
1167 1903 1244 1967 vitre
1268 1905 1302 1967 et
1326 1919 1392 1966 mo-

150 2023 220 2069 rum
243 2002 419 2069 honestate
447 2003 487 2068 ad
518 2003 671 2068 exercitia
699 2005 858 2071 bonorum
887 2024 1020 2088 operum
1046 2007 1214 2072 invitabat.
1259 2005 1338 2071 Erat
1361 2005 1390 2071 ci

150 2127 226 2190 erga
249 2107 370 2174 cultum
394 2107 559 2188 religionis
583 2107 752 2174 catholicae
776 2111 1053 2194 ecclesiarumque
1082 2112 1264 2178 subsidium
1295 2109 1389 2176 allec-

146 2211 193 2278 tio
225 2213 373 2292 maxima,
408 2231 485 2294 erga
517 2229 692 2296 oppressos
729 2217 763 2278 et
796 2233 957 2296 pauperes
988 2215 1301 2304 miracompassio.
1347 2213 1389 2277 Et

151 2317 369 2397 devotionem,
392 2335 488 2398 quam
510 2317 543 2382 in
568 2317 752 2399 junioribus
782 2320 875 2382 annis
899 2321 959 2386 sub
983 2321 1086 2402 patris
1110 2313 1277 2401 potestate
1301 2337 1392 2384 mens
1478 2329 1482 2340 ·

89 2448 117 2491 ro
150 2422 435 2487 Christo'sacrata
463 2426 666 2503 conceperat,
695 2423 762 2504 jam
793 2422 835 2486 ad
857 2441 959 2488 annos
982 2423 1174 2489 maturiores
1199 2419 1390 2506 perveniens

148 2529 265 2612 suique
295 2527 376 2608 Juris
396 2526 522 2592 'effecta
551 2523 673 2590 sanctis
705 2527 862 2607 exemplis
891 2535 925 2593 et
952 2529 1016 2610 plis
1041 2527 1194 2610 operibus
1229 2533 1390 2592 monstra·

146 2635 218 2699 bat¹
224 2630 397 2714 ,dignam
421 2635 585 2712 repuens
610 2632 696 2712 quod
721 2633 807 2697 sicut
793 2631 899 2698 taliis
927 2634 1049 2700 honore
1072 2633 1259 2716 praestabat,
1282 2635 1385 2696 lttuc

148 2738 305 2804 virtutum
340 2737 501 2802 exercitiis
535 2741 568 2800 et
554 2735 831 2852 tmiseucordiae
866 2740 1020 2822 operibus
1055 2739 1147 2820 quasi
1180 2737 1233 2804 lux
1267 2737 1391 2822 praevia
1454 2770 1456 2775 ·

149 2843 300 2908 anteiret.

88 2967 115 3010 rs
235 2973 269 3013 11
315 2945 505 3012 Sanctitatatis
528 2945 596 3026 ejus
620 2946 939 3026 etgenerrs,iormae
964 2965 1093 3030 quoque
1117 2952 1279 3012 atrorum
1303 2945 1389 3010 lama

147 3052 214 3116 late
245 3050 361 3116 diffusa
394 3049 435 3114 ad
470 3047 638 3130 cujusdam
668 3051 793 3130 tyranni
815 3052 971 3138 ,notitiam
995 3052 1152 3132 pervenit.
1197 3049 1258 3116 Hic
1282 3069 1301 3114 a
1324 3069 1392 3114 rna-

146 3157 237 3238 ligno
261 3155 432 3238 instigatus
455 3159 574 3218 terram
595 3153 727 3234 virginis
749 3141 915 3220 hostiliter
931 3155 1096 3236 invadens,
1116 3155 1275 3220 violenter
1294 3155 1391 3220 etiam

148 3261 335 3343 opprimens
364 3259 437 3342 jure
471 3249 603 3322 nefario
626 3257 829 3324 devastabat.
881 3247 1023 3324 'landem
1053 3260 1215 3341 promittit
1245 3247 1333 3325 varia
1356 3265 1390 3324 et

147 3365 275 3431 blandis
304 3362 563 3446 persvasivisque
592 3353 795 3428 sermonibus
827 3381 898 3428 eam
930 3361 1114 3446 alloquitur,
1138 3370 1174 3429 ut
1197 3365 1236 3443 ei,
1261 3366 1316 3446 qui
1341 3365 1388 3428 sic

86 3484 115 3529 ao
149 3475 265 3552 potens
294 3474 328 3533 et
356 3472 506 3532 strenuus
530 3471 607 3543 erat,
632 3466 719 3530 thori
741 3469 941 3532 consortium
964 3487 1027 3533 non
1057 3473 1208 3552 negaret,
1239 3455 1385 3532 minaba-

148 3580 201 3639 tur
225 3575 344 3656 quippe
377 3592 412 3638 se
439 3576 540 3636 totam
564 3573 686 3636 terrbm
709 3590 781 3636 cum
804 3572 976 3654 indigente,
1000 3575 1026 3637 si
1051 3593 1119 3638 suaa
1144 3573 1303 3639 voluntati
1326 3568 1391 3637 nou

150 3677 384 3760 acquiesceret,
420 3675 461 3739 ad
494 3675 642 3739 ultimum
676 3678 900 3741 exterminium
935 3659 1158 3745 deducturum.
1223 3677 1283 3741 Illa
1316 3695 1392 3740 vcro

151 3775 260 3848 divino
289 3800 399 3848 amore
426 3797 592 3859 succensa,
622 3797 687 3843 non
717 3779 828 3847 illecta
856 3781 1025 3847 blanditiis
1053 3787 1116 3847 'neo
1145 3783 1241 3849 minis
1266 3787 1391 3863 perter-

150 3887 224 3967 rita,
260 3887 470 3952 considerans
511 3885 608 3949 etiarn
641 3877 820 3966 periculum
854 3869 1038 3951 divitiarum
1071 3886 1259 3966 labentium,
1290 3887 1394 3965 magis

89 4004 118 4050 aa
153 3991 402 4072 elegitexilium
427 4006 524 4070 quam
546 3989 615 4054 viro
638 3989 796 4072 sacrilego
821 3991 978 4071 copulari.

236 4121 282 4161 111.
326 4094 386 4158 Illa
404 4111 481 4157 vero
505 4111 576 4156 cum
600 4093 668 4156 suis
692 4093 829 4158 consilio
852 4095 934 4160 inito
954 4095 1100 4176 requirit,
1123 4095 1200 4177 qnid
1223 4114 1241 4160 e
1264 4094 1391 4161 duobus

154 4199 300 4281 eligeret,
329 4202 393 4268 aut:
415 4215 513 4278 causa
542 4197 708 4262 servanda
737 4217 838 4264 sacrae
868 4197 943 4265 iidei
967 4199 1176 4265 continentiae
1198 4216 1308 4264 secum
1332 4217 1391 4280 pa·

226 4406 231 4436 ¹
251 4415 331 4459 veltet.
367 4416 520 4459 monstraret
537 4405 611 4458 Brav.

240 4586 268 4644 1.
313 4584 434 4642 Ottonis
457 4574 557 4658 primi]
595 4582 652 4654 „ab
681 4603 760 4642 anrro
793 4583 854 4642 936
889 4583 928 4642 ad
960 4603 1008 4643 an
1037 4584 1108 4642 973
1159 4583 1310 4696 Habemus
1338 4583 1387 4647 hio

155 4709 245 4748 raram
265 4688 496 4749 nativitatis
519 4691 633 4746 sanetas
657 4685 816 4748 Sunnirae“
842 4682 1044 4764 (Langobak).
1130 4764 1192 4830 10*
