3448 5428
362 449 425 517 270

362 638 471 702 autem
492 638 530 700 nt
552 631 647 700 ambo
670 629 796 714 pariter
817 629 849 695 in
867 625 1105 711 expeditionem
1124 641 1196 694 cum
1214 643 1388 696 numerosa
1409 626 1516 696 classe
1529 647 1599 712 pro·

361 742 448 822 fecti,
473 757 545 805 cum
568 737 679 802 multis
699 735 816 818 opibus
838 740 873 800 et
898 733 1057 798 manubiis
1080 733 1223 816 copiosis
1245 733 1439 818 locupletati
1461 740 1600 802 rerema-

360 851 484 913 rentur.
529 842 674 921 Quadam
692 845 801 906 autem
825 839 878 904 die
902 857 974 904 cum
993 839 1099 922 spolia
1121 839 1207 904 inter
1229 857 1265 904 se
1283 839 1419 905 divisuri
1437 841 1600 906 convenis·

361 957 446 1030 sent,
468 948 581 1014 videns
604 946 674 1012 Rex
696 943 852 1028 prelatus
874 944 1017 1026 predam
1040 942 1320 1026 innumerabilem,
1343 962 1454 1012 amore
1477 944 1600 1028 cupidi·

360 1056 439 1121 tutis
461 1055 604 1118 caecatus
627 1056 690 1130 est,
713 1054 747 1114 et
768 1053 880 1113 mutua
906 1048 1074 1115 societatis
1097 1053 1131 1114 et
1153 1048 1271 1114 alterni
1300 1051 1496 1115 sacramenti
1529 1068 1602 1118 con·
1631 1061 1643 1106 ⁵

360 1164 514 1242 temptor,
534 1155 690 1240 proponit
708 1154 785 1234 duo,
804 1157 842 1218 ut
860 1153 962 1234 eligat
977 1170 1076 1218 unum
1096 1152 1137 1218 da
1149 1152 1287 1232 duobus,
1305 1153 1391 1236 qvod
1407 1154 1497 1220 velit.
1540 1157 1603 1222 Aut

360 1264 469 1344 michi,
492 1262 606 1344 inquit
628 1260 736 1326 omnia
757 1258 920 1339 relinques
945 1274 1017 1322 cum
1040 1256 1177 1323 navibus
1200 1256 1317 1338 spolia,
1339 1263 1397 1323 aut
1419 1259 1440 1324 ῖι
1461 1278 1514 1327 me
1535 1260 1603 1328 bal·

359 1371 427 1437 lnm
466 1368 527 1434 tibi
559 1366 687 1432 illatum
726 1362 905 1429 sustinebis
937 1361 1027 1426 Inter
1056 1361 1115 1427 bas
1148 1362 1275 1444 positus
1303 1362 1376 1428 Dux
1404 1363 1602 1434 Gutborrnus

361 1474 539 1557 angustias,
562 1489 624 1554 qvo
654 1473 872 1548 serenaret,
903 1465 1080 1534 nesciebat.
1125 1463 1318 1549 Relinqvere
1351 1468 1496 1550 predam
1531 1489 1602 1537 cnm

360 1579 496 1647 nuribus
525 1582 621 1659 turpe
651 1575 712 1642 sibi
748 1576 783 1640 et
810 1572 1000 1638 indecorum
1028 1571 1123 1636 nimis
1152 1569 1335 1638 uidebatur.
1383 1571 1465 1638 Erat
1493 1578 1600 1643 autem
1632 1583 1656 1627 1⁰

355 1689 442 1752 inter
463 1682 628 1750 exereitus
651 1679 781 1762 grandis
805 1677 974 1743 distantia.
1019 1677 1088 1742 Rex
1111 1694 1248 1759 namque
1268 1675 1447 1759 praediatus
1471 1681 1601 1761 qvinde-

357 1791 419 1856 cim
431 1805 531 1855 naves
544 1786 700 1853 babuisse
724 1783 852 1863 dieitur,
872 1782 946 1847 Dux
968 1783 1042 1848 verb
1062 1781 1202 1864 qvinqve
1220 1787 1358 1849 tantum.
1403 1785 1476 1850 Dux
1495 1786 1601 1870 itaque

357 1897 471 1961 anxius
484 1893 569 1976 petit
579 1891 740 1956 biduanas
757 1888 914 1967 inducias,
933 1887 962 1952 si
973 1886 1058 1952 iortb
1076 1891 1195 1970 posset
1212 1886 1232 1950 a
1250 1888 1397 1970 nequitia
1418 1891 1601 1972 excogitata

357 2005 528 2083 tyrannum
550 1995 733 2063 deflectere.
778 1993 861 2058 Nam
884 1993 1001 2058 eodem
1024 1991 1077 2057 die
1101 1997 1173 2057 erat
1203 1993 1313 2073 vigilia
1333 1994 1430 2061 Beati
1451 1994 1601 2076 Martyris

356 2105 459 2171 Olavi.
492 2103 668 2184 Postquam
679 2099 757 2166 verb
771 2100 914 2163 animum
933 2096 1064 2163 barbari
1084 2097 1181 2162 nullis
1193 2099 1302 2180 potuit
1320 2099 1476 2179 precibus
1500 2099 1600 2166 ernol·
1633 2104 1656 2149 ¹⁵

345 2210 426 2290 lire,
459 2208 560 2288 elegit
592 2206 729 2271 honeste
752 2203 844 2282 mori,
878 2221 973 2285 qvam
1003 2202 1164 2268 dedecore
1197 2207 1290 2267 tanto
1321 2207 1355 2268 et
1387 2203 1523 2268 inlamia
1554 2204 1602 2270 sui

357 2315 488 2396 generis
512 2310 620 2394 spolia
649 2328 709 2375 sua
736 2326 808 2374 cum
831 2308 968 2372 navibus
997 2306 1190 2388 relinquere.
1236 2305 1301 2370 Sed
1329 2309 1405 2389 quia
1426 2308 1602 2375 humanum
1706 2309 1707 2370 l

359 2421 481 2500 deerat,
501 2416 642 2482 diuinum
661 2413 859 2497 implorabat
881 2411 1035 2476 auxilium
1054 2417 1089 2476 et
1106 2412 1237 2477 beatum
1260 2411 1435 2493 Martyrem
1455 2413 1602 2494 Olavum,

358 2530 395 2590 ut
417 2524 480 2589 sibi
502 2525 672 2588 succurrat
690 2518 808 2584 devote
826 2520 987 2599 precatur,
1006 2517 1221 2598 promisitque
1241 2531 1278 2581 se
1301 2517 1333 2580 in
1354 2516 1504 2582 Ecclesia
1521 2519 1603 2584 llar-

357 2630 438 2712 tyris
466 2645 595 2694 crucem
623 2625 784 2690 iacturum
813 2626 1013 2702 argenteam,
1044 2621 1072 2686 si
1102 2638 1136 2686 se
1167 2619 1208 2685 de
1231 2638 1327 2686 manu
1355 2621 1453 2704 Regis
1484 2621 1600 2706 perfidi
1630 2641 1654 2686 ro

357 2733 537 2800 liberaret?
559 2729 642 2809 Qvid
664 2728 789 2794 multa?
819 2726 977 2793 Ordinato
1004 2725 1149 2792 exercitu
1174 2724 1312 2791 invicem
1337 2727 1480 2792 occurrit
1503 2727 1602 2810 agmi-

358 2839 453 2905 nibus
475 2842 510 2904 et
531 2833 709 2903 fortissime
732 2833 889 2898 dimicans
912 2849 975 2914 ope
988 2830 1113 2896 christi
1136 2835 1170 2895 et
1191 2830 1322 2911 gloriosi
1336 2831 1489 2913 Martyris
1510 2833 1601 2898 Olavi

357 2946 552 3020 interventu,
574 2945 678 3006 totam
702 2935 913 3003 barbarorum
945 2935 1187 3000 multitudinem
1218 2935 1397 3016 prostravit
1430 2936 1603 3019 inopinate

360 3065 437 3131 ergo
460 3049 584 3130 potitus
607 3043 743 3111 victoria
766 3047 893 3107 etcum
922 3041 1034 3106 multis
1057 3039 1172 3123 spoliis
1198 3057 1361 3118 reversus,
1390 3059 1461 3106 cum
1485 3059 1603 3122 magna

359 3154 477 3220 laetitia
499 3167 627 3218 erucem
647 3148 729 3214 lecit
751 3152 938 3228 argenteam
961 3146 1052 3211 mirae
1079 3144 1311 3227 magnitudinis
1339 3145 1434 3224 longe
1455 3146 1601 3227 eorporis
1631 3160 1656 3206 as
1707 3155 1708 3226 ι

359 3257 492 3323 humani
511 3255 642 3320 modum
666 3251 878 3318 excedentem
901 3255 935 3316 et
952 3252 1062 3332 posuit
1084 3269 1156 3315 eam
1180 3250 1213 3315 ib
1235 3250 1385 3315 Ecclesia
1405 3249 1498 3314 Beati
1518 3249 1603 3316 blar-
1707 3275 1708 3328 ι

359 3363 441 3445 tyris
461 3360 555 3427 Olari
577 3359 619 3426 ad
638 3374 754 3440 corpus
768 3356 849 3438 ejus,
873 3355 904 3420 in
923 3355 1021 3420 diuini
1032 3355 1187 3436 triumphi
1202 3359 1235 3420 et
1252 3354 1428 3436 inopinate
1445 3355 1603 3434 victoriae,
1707 3397 1708 3442 ι

359 3485 453 3550 qvam
477 3485 537 3550 per
557 3464 672 3530 merita
695 3462 764 3544 ejus
788 3461 940 3542 optinuit,
968 3465 1186 3526 monumenta.
1707 3445 1708 3468 ³

331 3613 335 3624 .
446 3571 554 3657 [Hesp]
597 3575 806 3637 Florebat-
831 3574 958 3632 alacres.
1080 3587 1160 3739 ,π
1184 3642 1213 3700 Ρ.
1239 3622 1411 3682 23515-1a·
1499 3567 1503 3575 .

448 3674 557 3760 [Vera]
601 3679 767 3740 Exultebat
798 3707 822 3716 -·
852 3682 1054 3754 praegustans.
1635 3682 1660 3727 to

801 3853 858 3940 [Io
880 3857 973 3920 tertio
994 3853 1172 3940 nocturno}

450 3991 543 4080 [Ant]
587 3999 652 4061 Neo
674 4000 804 4077 propria
827 4025 865 4038 -
888 3999 1046 4056 instantia.
1070 4017 1110 4043 =
1132 4017 1163 4074 p.
1187 3993 1360 4056 mro-aa,

448 4099 542 4185 [Ant]
586 4105 818 4166 Praedicationis
841 4132 883 4142 -
905 4102 1077 4161 revocabat.
1101 4123 1140 4148 =
1163 4121 1193 4178 p.
1218 4099 1390 4161 23526-27·

449 4203 542 4289 [Ant]
591 4212 639 4271 Ad
668 4209 863 4287 sepulchrum
894 4210 992 4270 saneti
1022 4213 1208 4285 pernoctans
1246 4209 1412 4266 enormiter
1445 4208 1604 4267 contracte

361 4320 470 4380 mulier
492 4320 611 4392 integre
636 4315 756 4375 reddita
781 4314 906 4370 sanitati
931 4317 962 4370 et
982 4313 1054 4372 laeto
1073 4313 1160 4373 vultu
1183 4316 1215 4371 et
1236 4311 1329 4370 alacri
1348 4313 1447 4370 animo
1471 4311 1511 4369 ad
1533 4327 1602 4387 pro·
1634 4313 1660 4360 35

363 4427 432 4503 pria
454 4423 610 4482 remeavit.

450 4519 545 4604 [Ant]
590 4524 779 4583 Adolescens
804 4523 853 4598 qvi
870 4522 973 4597 lingva
991 4522 1122 4596 praecisa
1138 4520 1282 4596 loquendi
1301 4519 1433 4579 odicium
1452 4522 1602 4592 amiserat,

361 4635 401 4694 ad
431 4632 606 4710 sepulcrum
637 4629 785 4706 Martyris
819 4627 945 4686 veniens
980 4631 1106 4704 recepto
1128 4643 1187 4683 usu
1221 4625 1340 4701 lingva,
1375 4627 1506 4686 recessit
1538 4643 1602 4684 aum

361 4739 483 4818 gaudio.
