3448 5428
1293 439 1355 512 259

201 639 283 720 liacp.
327 639 436 718 Itaque
460 639 658 701 deuotissime
681 668 722 680 -
745 640 958 701 disseminans.

201 767 267 807 noa.
310 748 383 806 Iesu
404 748 484 806 bone
509 773 547 784 -
570 750 686 821 posset.

200 843 309 910 Lectio
329 847 450 928 quicto.
493 842 646 908 Indutus¹
677 841 779 908 lorica
814 842 908 909 lidci¹
948 842 1125 927 obijcicbat
1159 859 1196 906 sc
1233 844 1353 924 sponte

113 948 267 1031 periculis
296 949 484 1031 martyrium
519 948 547 1012 si
582 948 643 1014 deo
675 947 859 1028 placuisset
891 949 1058 1030 suscipere
1091 964 1154 1012 non
1187 964 1353 1014 recusans.

66 1063 80 1106 ⁵
115 1053 188 1131 Quo
212 1053 396 1136 comperto¹
415 1053 563 1119 veritatis
585 1052 699 1118 hostes
723 1052 999 1136 [conuocauerunt
1031 1051 1200 1118 consilium
1233 1051 1352 1134 iniqui·

112 1158 208 1224 tatis⁴
230 1157 358 1225 contra¹
381 1158 545 1223 dominum
572 1160 606 1222 et
625 1156 784 1223 adversus
808 1158 965 1224 christum
987 1157 1067 1224 eius.
1112 1156 1192 1222 Erat
1212 1174 1353 1239 namque

114 1264 185 1328 eius
209 1262 358 1331 doctrina
380 1263 533 1344 operibus
557 1280 668 1328 corum
692 1261 788 1327 valde
811 1262 984 1330 contraria.
1028 1263 1087 1328 Tu.

198 1374 282 1451 Recp.
328 1373 530 1435 Confluebant
553 1403 590 1414 -
616 1395 650 1433 os
674 1394 771 1434 suurn.

198 1501 266 1540 vera.
311 1480 437 1540 confusi
460 1507 499 1518 -
521 1479 554 1537 in
577 1479 652 1538 dies.

53 1595 81 1638 10
199 1577 308 1643 Lectio
329 1577 369 1659 vj.
414 1576 508 1643 Unde
537 1575 667 1658 quidam
691 1595 730 1642 ex
754 1574 801 1640 eis
825 1576 993 1642 cuiusdam
1013 1577 1128 1643 kanuti
1148 1576 1214 1643 ειιί6
1240 1577 1357 1644 aduer-

112 1683 189 1747 sarii
213 1684 401 1749 muneribus
424 1680 568 1763 corrupti
591 1681 721 1763 quidam
744 1696 821 1746 vero
845 1681 1050 1748 maliciosus
1069 1681 1356 1750 instinctunouam

112 1787 302 1869 religionem
325 1787 485 1869 paternis¹
505 1785 632 1868 legibus
655 1787 851 1852 contrariam
872 1791 1063 1854 recusantes
1084 1786 1246 1867 [ordinato
1268 1806 1358 1854 excr-

112 1892 195 1957 citu⁸
221 1893 254 1957 in
275 1893 349 1958 loco
373 1893 428 1974 qui
463 1890 561 1975 [nunc
593 1891 825 1956 sciolastadum
858 1891 1058 1974 appellatur¹
1085 1893 1290 1975 ignorantem
1324 1896 1359 1960 ct

113 2015 132 2060 a
154 2016 215 2063 sua
237 2002 334 2078 gente
356 1996 544 2078 aliqualiter
565 1996 742 2062 distantem
763 2015 874 2078 regem
896 1995 983 2062 bello
1007 1997 1181 2079 excipiunt.

55 2115 80 2159 15
199 2111 284 2188 Recp.
329 2110 477 2169 Florebat
500 2136 538 2148 -
562 2109 689 2167 alacres.
797 2181 835 2192 .-
913 2156 1077 2219 2351⁶·1⁸

197 2235 266 2275 vcra.
312 2214 478 2274 Exultabat
502 2242 538 2253 -
568 2120 770 2289 degustans}
797 2195 836 2205 -
859 2179 890 2237 p'
1001 2257 1003 2262 -
1079 2201 1086 2216 ’

1025 713 1064 737 =
1087 710 1119 768 p.
1142 685 1317 750 maan-aa,

821 1446 861 1470 =
882 1446 913 1504 p.
938 1423 1077 1486 2353-7.

566 2355 608 2420 Ic
630 2358 723 2421 tertio
744 2360 898 2421 nocturno

197 2494 254 2544 ant.
298 2484 362 2544 Nec
384 2484 572 2560 propria-
595 2485 753 2541 instantia.

197 2598 254 2648 ant.
298 2588 385 2648 Nouo
407 2607 510 2646 rorum
532 2617 571 2626 -
595 2498 821 2760 predicabat}
845 2607 885 2632 =
906 2606 936 2662 p.
960 2584 1134 2646 24925-27,

54 2700 82 2744 20
198 2703 255 2752 act.
300 2693 523 2752 Prodicationis
548 2721 587 2730 ·-
610 2691 786 2751 reuocabat.

197 2790 306 2856 Lectio
327 2789 380 2872 cij.
426 2789 490 2855 Sed
524 2788 764 2855 illustrissimus
797 2787 948 2870 martyr¹⁰
980 2789 1035 2870 qui
1064 2793 1153 2855 totus
1175 2808 1357 2874 suspensus

112 2894 145 2960 in
166 2895 303 2962 celestia
325 2913 383 2977 pro
406 2895 537 2960 iusticia
560 2899 594 2961 ct
615 2894 679 2960 fide
708 2899 911 2976 pugnaturus
943 2894 1087 2959 exercitu
1119 2896 1271 2976 quanto¹¹
1298 2915 1357 2978 po·

112 3002 175 3065 tuit
198 3002 395 3081 congregato
419 2999 532 3064 obuiat
554 2999 701 3064 inimicis.
749 2997 964 3080 [Occumbcns
995 3004 1103 3064 autem
1126 2999 1213 3065 illc¹¹
1240 3007 1358 3085 quarto

112 3105 173 3170 kal.
204 3104 336 3187 augusti
368 3103 543 3170 millesimo
567 3104 719 3170 vicesimo
743 3109 861 3169 octauo
883 3120 968 3168 anno
991 3101 1031 3168 ab
1055 3103 1276 3172 incarnatione
1301 3107 1356 3172 do-

55 3220 82 3264 to
115 3211 192 3276 mini
214 3209 356 3276 feliciter
379 3209 419 3275 de
444 3208 561 3274 castris
584 3207 626 3273 ad
650 3209 754 3275 eterni
776 3209 864 3290 regis
888 3207 1010 3289 palatia
1033 3207 1183 3275 debello
1206 3209 1359 3294 migrauit

117 3316 157 3380 ad
180 3333 307 3398 pacem.
352 3314 400 3379 Tu
422 3320 541 3379 autem.
1232 3339 1235 3345 ¹

198 3428 280 3505 Rsrp.
326 3428 500 3487 Reucnerat
524 3455 558 3466 -
583 3425 799 3485 inexorabiles.

198 3553 265 3592 vers.
310 3533 348 3591 Hi
370 3552 442 3609 ergo
465 3559 506 3570 -
530 3531 677 3590 christum
700 3523 806 3590 eius¹.

198 3629 307 3695 Lectio
337 3630 405 3712 ctcj.
465 3629 570 3693 Nocte
604 3628 702 3708 igitur
738 3627 934 3709 precedente
968 3626 1020 3692 die
1058 3628 1090 3691 in
1130 3647 1195 3712 qua
1235 3638 1357 3716 martyr

54 3746 82 3792 ao
114 3735 252 3818 inclytus
275 3752 392 3818 passus
417 3738 469 3798 cst
490 3731 619 3814 aparuit
645 3732 674 3797 ei
699 3732 848 3797 dominus
870 3731 959 3797 iesus
983 3730 1122 3799 christus
1144 3735 1253 3802 verbis
1277 3755 1353 3803 con·

114 3839 278 3905 solatoriis
313 3857 385 3904 curu
422 3836 620 3904 demulcens.
675 3835 801 3904 Accede
829 3836 934 3917 inquit
957 3837 997 3901 ad
1020 3857 1072 3903 mc
1095 3838 1213 3906 dilecte
1235 3841 1294 3907 mi:
1321 3847 1357 3907 vt

113 3944 261 4011 laborum
294 3949 423 4010 tuorum
456 3941 581 4008 fructus
609 3940 750 4024 recipias
778 3940 812 4004 in
840 3941 908 4005 vita
930 3942 1129 4023 sempiterna
1150 3962 1224 4011 meo
1244 3946 1354 4014 lruens

115 4049 291 4116 consortio.
335 4048 391 4112 Tu.
830 4071 833 4076 ·

871 3497 910 3521 =
934 3495 964 3552 p.
989 3475 1128 3535 2364-8.

187 4192 193 4222 ¹
215 4191 331 4254 iigitur
347 4190 407 4240 Ros
436 4189 453 4241 i.
472 4203 532 4252 ergo
551 4187 623 4236 Otth.
661 4189 714 4235 ¹ct
731 4185 860 4235 accinctus
879 4183 966 4249 gladio
988 4185 1093 4248 spiritus
1111 4185 1178 4252 quod
1196 4194 1235 4240 cst
1253 4189 1356 4244 verbum

116 4277 156 4328 dei
172 4278 223 4333 Μ
241 4279 300 4329 ΕΜ.
350 4277 486 4341 ’peracto
504 4275 547 4326 '01
564 4278 695 4338 sompes-to
714 4271 785 4323 Otth.
841 4272 1047 4323 ⁴conuanerunt
1064 4290 1093 4324 nc
1111 4275 1254 4340 iniquitatis
1273 4283 1356 4332 oonsi-

115 4365 177 4416 lium
198 4368 313 4418 inierunt
334 4367 394 4416 Ros.
419 4368 569 4415 corruerunt
591 4363 664 4414 Otth.
719 4359 1038 4414 *trassucconem
1093 4363 1186 4429 ¹nrgl.
1206 4367 1278 4418 Otth.
1295 4369 1358 4425 Ros.

119 4454 249 4506 rwffim
266 4454 316 4510 sill,
335 4454 406 4505 Otth.
424 4454 485 4504 Ros.
541 4451 602 4505 ⁸0.
620 4465 679 4501 raro
699 4465 720 4502 e.
739 4447 811 4500 ortu.
830 4447 948 4498 ordinant
965 4451 1102 4501 exercitum
1121 4454 1180 4507 Ros.
1234 4455 1358 4510 ¹¹(licitur

117 4543 265 4595 michelstat
284 4542 354 4594 Otth.
374 4557 440 4591 nnnc
458 4539 616 4607 styclestndlr
635 4537 729 4588 dicitur
746 4536 805 4586 Ros.
850 4538 875 4566 ¹¹
895 4551 940 4586 rex
958 4536 1047 4588 clauus
1067 4539 1139 4595 Otth.
1196 4545 1219 4576 ¹¹
1241 4547 1268 4596 in
1286 4547 1358 4598 breui

116 4635 234 4694 quantum
253 4630 324 4686 Orth.
341 4631 402 4682 Ros.
442 4629 462 4660 ¹¹
484 4628 565 4677 Porro
583 4630 612 4676 vt
629 4625 760 4689 gloriosus
778 4638 834 4672 eum
855 4622 915 4673 dene
934 4632 1079 4676 coronaret:
1103 4630 1248 4695 iniquorum
1266 4634 1358 4685 iaculis

116 4719 196 4782 ipsum
216 4717 365 4769 occumbere
382 4717 507 4780 permisit.
543 4714 670 4765 0ccnbnit
688 4717 776 4764 autem
792 4725 838 4762 rex
856 4711 955 4766 clauus.
1001 4713 1024 4744 ¹³
1040 4715 1087 4766 her
1108 4720 1224 4770 standssr
1240 4721 1300 4776 Ros.
1326 4725 1358 4780 L.

116 4804 181 4858 v111
198 4821 232 4871 og
248 4803 288 4855 1x
305 4805 367 4871 mgl.
385 4806 395 4854 i
412 4804 485 4860 Otth,
1089 4875 1150 4938 w
