3524 5424
294 385 461 440 HISTORIA
477 349 780 446 eneruauerunt
797 387 922 442 REGUM
939 389 1254 447 nonwnentnsrun.
1354 395 1394 458 33

153 570 336 656 domandas
360 571 555 640 iudiciaria
577 591 646 655 sua,
669 562 876 656 erumpentes
898 574 939 640 de
951 573 1116 642 Maeotidis
1133 575 1317 660 paludibus,
1339 572 1396 641 ubi

154 691 211 740 eos
244 674 350 741 lertrn
381 677 556 744 inclusisse
588 679 772 745 Alexander
803 694 939 760 magnus
971 679 1056 746 lilius
1089 679 1231 764 Philippi
1253 717 1294 728 -
1316 697 1396 762 gens

153 778 309 846 semifero
331 785 365 846 at
387 801 406 846 a
428 783 498 848 Deo
523 783 733 862 alienissima,
755 783 859 850 lorma
891 783 991 850 etiam
1025 785 1224 867 turpissima,
1257 803 1331 850 narn
1363 785 1396 850 in

153 885 261 966 capita
282 903 341 966 pro
366 887 468 954 oculis
492 887 585 969 quasi
606 887 686 954 bina
705 885 864 954 foramina
885 887 1061 969 habebant,
1084 887 1186 956 veluti
1219 891 1398 972 nigerrima

107 995 121 1043 ⁵
153 990 227 1071 pice
249 989 366 1069 inlusa,
390 993 566 1074 statimque
591 993 750 1076 puerulis¹
784 991 979 1059 secabantur
999 995 1108 1076 'geum
1141 1001 1180 1060 nt
1211 1011 1283 1061 cum
1311 995 1398 1060 lacte

153 1095 270 1160 matris
295 1095 458 1162 discerent
487 1102 521 1164 at
551 1083 687 1162 vulnera
717 1099 786 1180 pati
809 1133 849 1144 -
872 1095 906 1162 hl
941 1115 1018 1179 ergo
1051 1103 1182 1183 reperto
1206 1099 1306 1166 'aditu
1338 1117 1400 1182 per

153 1201 327 1266 transitum
352 1201 518 1284 cujusdam
543 1201 661 1268 cervae²
682 1201 906 1285 expanderunt
927 1221 963 1269 se
975 1221 1076 1286 super
1097 1203 1214 1269 faciem
1237 1204 1398 1270 universa

153 1309 253 1370 terrae
276 1318 366 1371 more
388 1307 585 1373 locustarum
608 1325 680 1374 cum
700 1324 779 1389 rege
802 1323 862 1374 suo
883 1307 986 1372 Attila
1007 1309 1287 1392 pervagantesqne
1309 1313 1398 1376 totas

155 1408 282 1476 Gallias
306 1412 414 1478 omnia
435 1413 645 1495 repleverunt
661 1411 793 1495 rapinis,
816 1409 983 1492 incendiis,
996 1413 1301 1493 abominationibus,
1322 1429 1399 1497 pro·

94 1520 122 1564 10
153 1514 307 1581 sanantes
337 1522 450 1582 sancta
476 1517 549 1582 loca
577 1522 611 1582 et
639 1517 673 1582 in
696 1517 905 1583 solitudinem
928 1518 1124 1598 redigentes.
1163 1519 1222 1585 Isti
1244 1525 1322 1586 suut
1344 1520 1400 1603 qul

153 1619 403 1694 trucidaverunt
429 1621 561 1688 beatum
589 1622 752 1688 Nicasium
783 1623 1013 1718 Rhemeusium
1040 1625 1302 1708 menipraaulem
1336 1643 1402 1690 una

155 1746 229 1792 cum
251 1727 350 1794 beata
372 1728 496 1810 virgine
519 1727 678 1810 Eutropia
700 1744 814 1794 sorore
837 1729 982 1812 ejusdem
1006 1733 1040 1794 et
1067 1729 1230 1795 civitatem
1266 1729 1401 1795 Rhamis
1497 1778 1501 1787 .

227 1879 235 1910 ¹
272 1883 326 1935 As.
345 1883 453 1948 pueriles
471 1883 503 1933 K.
542 1879 629 1933 ’Alc
648 1884 714 1934 cervi
734 1883 760 1934 S.

246 2023 278 2079 1:
317 2013 504 2096 demandes]
528 2021 573 2080 De
607 2023 698 2101 rebus
728 1995 842 2081 Geticis
877 2021 911 2080 οξ
932 2023 989 2081 24:
1033 2021 1109 2080 Nam
1143 2025 1174 2080 et
1207 2042 1285 2099 quos
1318 2023 1400 2082 bello
1484 2035 1486 2040 '

155 2127 289 2185 forsitan
311 2127 432 2183 minima
456 2126 652 2200 superabant,
676 2127 777 2186 vultus
800 2129 847 2185 sui
869 2131 987 2186 terrore
1000 2119 1291 2202 nimium‘pavorem
1311 2129 1398 2203 iuge·

154 2236 264 2290 rentes
287 2230 483 2288 terribilitate
496 2232 652 2308 fugabant,
676 2250 712 2290 eo
736 2232 906 2307 quoderat
930 2233 973 2290 eis
999 2234 1118 2308 species
1141 2231 1281 2308 pavenda
1303 2234 1403 2308 nigre·

159 2331 241 2408 dine,
265 2334 322 2393 sed
343 2336 428 2393 velut
452 2337 590 2412 quaedam
613 2328 654 2409 (si
678 2337 738 2394 dici
761 2337 807 2394 ias
831 2329 892 2408 eat)
927 2336 1076 2396 deformis'
1105 2336 1174 2409 offa,
1208 2356 1268 2394 nou
1297 2337 1404 2408 iacies,

95 2519 98 2527 Ι
157 2441 340 2517 habensque
363 2441 458 2514 magis
481 2444 596 2516 puncta
619 2459 708 2516 quam
729 2441 852 2499 lumina.
900 2440 1035 2512 Quorum
1057 2443 1148 2500 animi
1171 2440 1314 2500 fiduciam
1340 2446 1404 2499 tor·

158 2567 215 2606 vus
246 2535 354 2622 prodit
384 2547 538 2620 aspectus,
563 2547 614 2621 qui
637 2546 728 2622 etiam
749 2547 782 2604 in
804 2547 934 2622 pignora
957 2565 1013 2604 sua
1042 2547 1141 2622 primo
1174 2545 1222 2604 die
1251 2548 1324 2604 nata
1354 2546 1405 2605 de·

160 2653 302 2710 saeviunt.
345 2647 422 2706 Nam
454 2650 587 2708 maribus
620 2646 701 2707 ferro
735 2669 828 2726 genae
852 2655 968 2724 secant,
996 2655 1031 2710 ub
1053 2655 1215 2726 antequam
1237 2650 1327 2708 lactis
1350 2669 1405 2708 nu·

159 2759 308 2815 trimenta
327 2755 511 2832 percipiant,
534 2754 668 2812 vulneris
693 2760 840 2830 cogantur
862 2756 965 2814 subire
987 2756 1191 2815 tolerantiam.

250 2864 278 2920 2.
322 2859 494 2918 Alexander
516 2851 657 2934 magnus]
683 2859 797 2936 Sagnet
820 2879 877 2932 om,
902 2864 932 2917 at
949 2859 1123 2918 Alexander
1145 2861 1204 2919 den
1235 2839 1317 2920 afore
1348 2857 1407 2916 ved
1441 2857 1445 2866 '

162 2987 201 3024 en
222 2963 416 3050 Graensemur
437 2961 535 3022 hande
558 2964 720 3040 afspoerret
740 2965 866 3042 Europa
886 2965 934 3022 ira
958 2963 994 3022 de
1019 2965 1131 3040 estlige
1144 2963 1231 3035 Folle,
1256 2983 1289 3022 er
1310 2983 1405 3040 yngre

163 3071 226 3128 end
247 3068 408 3141 Jordanis3
438 3071 450 3126 i
478 3068 537 3127 den
560 3069 678 3144 groeske
703 3068 984 3128 Alexanderroman
1014 3070 1062 3126 ira
1094 3089 1119 3127 o.
1144 3071 1203 3127 700
1237 3067 1409 3127 udelukker

162 3178 225 3234 han
250 3174 338 3248 „Gog
354 3191 393 3248 og
403 3169 534 3249 Magog“
557 3176 616 3233 ved
640 3174 698 3231 den
720 3173 867 3249 kaspiske
887 3174 957 3233 Mur
978 3170 1313 3247 (Pesohel‚Erdkunda
1328 3165 1406 3248 85¹),

164 3273 290 3338 Hraban
300 3277 425 3338 Maurus
437 3277 584 3337 fortaeller
596 3278 735 3336 derimod
748 3275 800 3336 det
812 3296 924 3342 samma
939 3297 986 3335 om
1005 3278 1178 3338 Huuarn'e
1191 3270 1250 3352 (De
1264 3279 1408 3336 universo

163 3385 234 3444 XVI
255 3404 280 3442 c.
299 3385 328 3454 2,
347 3381 394 3440 ed.
413 3382 516 3458 Migne
534 3397 564 3459 p'.
580 3377 674 3451 439):
698 3381 801 3456 Uguos
823 3386 913 3439 antea
930 3381 1036 3441 Hunos
1055 3387 1192 3456 vocatos,
1214 3386 1370 3460 postremo
1391 3401 1410 3440 a

165 3508 239 3566 rege
263 3507 319 3546 suo
342 3487 457 3545 Avares
486 3487 658 3572 appellatos
683 3486 797 3558 dicunt,
827 3488 879 3561 qui
902 3477 988 3563 prius
1009 3489 1042 3544 iu
1070 3487 1178 3545 ultima
1198 3485 1344 3546 Maeotide
1368 3515 1409 3526 —

167 3622 210 3637 ‹—
230 3592 455 3663 babitaret-unt,
479 3591 590 3650 deinde
613 3591 788 3667 pernicibus
809 3592 895 3666 equis
919 3589 1047 3651 Caucasi
1077 3591 1218 3668 rupibus,
1251 3591 1305 3649 ubi
1327 3593 1410 3650 ieras

168 3702 276 3774 mbae
298 3696 465 3756 Alexandri
489 3695 622 3754 claustra
652 3695 805 3767 cohibeat,
833 3701 999 3772 eruperant
1027 3700 1058 3754 ab
1085 3697 1233 3755 orientem
1255 3711 1300 3754 xx
1322 3697 1410 3754 aneia

133 3868 139 3876 ‚
167 3807 336 3862 tenderunt
354 3801 515 3877 captivum.
1129 3815 1130 3818 ’
1199 3851 1201 3857 .

255 3909 283 3964 7.
330 3905 488 3980 cujusdam
510 3895 621 3980 cervae]
646 3905 700 3962 afr.
725 3905 762 3964 de
784 3902 849 3962 reb.
867 3903 934 3964 cer.
958 3925 984 3962 c.
1006 3905 1061 3964 14:
1082 3903 1181 3980 Huius
1203 3923 1277 3980 ergo
1301 3895 1409 3980 [natio-

170 4003 233 4088 nis]
255 4015 292 4070 nt
314 4010 450 4071 assolent
469 4011 631 4070 necatores
656 4003 727 4068 dum
748 4010 780 4066 ie
802 4008 942 4070 ulteriori
963 4009 1118 4068 Maeotidis
1141 4007 1210 4083 ripa
1229 4010 1410 4067 venationes

171 4118 338 4192 inquirunt,
362 4113 616 4184 animadvertunt,
641 4112 796 4188 quomado
818 4131 855 4170 ex
876 4113 1047 4188 improvisu
1068 4131 1160 4174 cerva
1180 4132 1215 4172 se
1237 4113 1300 4172 illia
1322 4113 1413 4172 obtu·

170 4221 216 4290 lit,
234 4235 317 4280 nnnc
338 4217 551 4293 progrediens,
574 4235 654 4274 nuuc
674 4216 847 4276 subsistens
866 4217 999 4278 indicem
1022 4233 1055 4276 aa
1078 4219 1134 4276 ria
1156 4217 1298 4292 praebuit,
1321 4235 1413 4292 quam

175 4325 272 4384 sacnti
299 4327 462 4382 venatores
486 4319 639 4396 paludem
666 4319 851 4391 Meotidena
886 4340 976 4396 qnam
1008 4321 1186 4398 impertiam
1217 4325 1252 4380 ut
1282 4320 1412 4397 pelagus

175 4427 408 4497 existimabant„
424 4423 558 4501 pedibus
579 4427 741 4484 transiere.

262 4535 308 4592 ll.
353 4519 598 4603 Nicaeiumhir.
622 4529 767 4606 sigiberti
790 4529 1004 4590 ausoniaene.
1027 4532 1102 4608 453:
1153 4529 1325 4605 nychasius
1357 4530 1415 4590 Ra-
1528 4568 1530 4572 ,

177 4639 287 4696 mansis
311 4637 479 4708 epiecopus
504 4651 569 4690 cum
592 4633 744 4716 Eutropia
764 4643 873 4696 sorore
894 4634 932 4696 ab
955 4633 1052 4694 Hunis
1074 4635 1317 4772 martyrigaatur.
