3524 5424
370 417 411 484 52
799 411 992 466 nnaonmor
1015 409 1179 466 nossem

371 601 489 681 inquit,
516 599 705 678 raritati,
735 598 834 664 hemo
853 599 1097 679 potentissimus
1126 604 1161 664 et
1189 599 1378 678 ditissimus,
1410 601 1505 664 annin
1532 616 1608 680 qua·

372 704 525 786 draginta
540 703 662 770 bellam
679 703 841 785 protraxit
862 705 1031 770 nobiscnm
1053 705 1151 770 variis
1175 703 1355 782 eventibus,
1379 705 1548 770 duarum
1569 708 1610 769 et

370 809 525 890 viginti
557 809 738 890 gentium
767 825 838 872 rex
868 809 1046 874 totidem
1080 808 1239 886 linguis
1264 808 1359 888 jura
1390 808 1507 882 (lixit,
1537 822 1611 889 pre

372 915 575 978 concinne
596 913 786 993 singulas
815 911 903 978 sine
931 914 1173 995 interprete
1212 912 1383 978 allatas.
1439 913 1517 977 Haec
1539 913 1610 994 ipsa

244 1021 246 1028 '
371 1016 484 1083 infelix
517 1018 669 1082 ambitio.
686 1017 824 1085 ornaris
851 1017 978 1100 Syroim
1006 1019 1039 1082 in
1062 1019 1211 1100 jugale·
1237 1019 1341 1099 petris
1370 1018 1421 1082 sui
1455 1017 1606 1082 cosdroe.
1640 1023 1654 1070 t

371 1123 412 1188 Et
436 1123 511 1203 quia
533 1123 629 1204 iujos
646 1123 738 1203 regis
755 1121 954 1190 mentionem
975 1121 1122 1202 lecimus,
1144 1138 1255 1204 queso
1274 1141 1315 1187 ne
1335 1136 1507 1187 onerosam
1525 1122 1610 1186 virle-
1686 1129 1690 1140 ·

275 1267 278 1274 ·
371 1233 444 1294 atur
464 1227 590 1306 lectori,
614 1227 642 1290 si
663 1244 769 1308 pauca
791 1227 831 1292 de
854 1227 1000 1292 Romana
1029 1228 1167 1293 historin
1195 1232 1348 1308 excerpta
1376 1226 1429 1293 hic
1450 1231 1611 1309 ponantur

370 1339 506 1416 prepter
528 1332 616 1400 illem
638 1332 845 1413 scripturam,
867 1349 940 1412 quae
962 1331 1066 1398 iertnr
1083 1333 1123 1396 ee
1144 1331 1610 1411 ominationesanctaecraeie,

370 1441 404 1505 in
427 1456 491 1520 qua
513 1437 704 1519 quibusdam
728 1437 813 1500 veris
836 1437 939 1502 malta
955 1436 1201 1503 falsainterlita
1224 1440 1309 1516 sunt,
1331 1441 1465 1520 propter
1488 1435 1611 1519 quoda

371 1543 642 1609 sanctellemnna
665 1541 806 1606 ecclesia
824 1559 889 1606 non
907 1541 1072 1623 recipitur.
1119 1525 1272 1606 Gelasin's
1292 1560 1431 1623 namque
1449 1559 1545 1622 pape,
1563 1541 1611 1604 vir
1642 1545 1667 1589 1⁰

372 1647 580 1714 nomiminis
606 1651 641 1711 et
668 1663 793 1727 magna
823 1645 1028 1711 auotoritatis
1055 1645 1088 1710 in
1117 1646 1256 1715 eeclesia
1280 1645 1352 1724 Dei,
1381 1646 1609 1726 compendioso

371 1769 523 1820 sermone
546 1751 690 1816 secernit
718 1751 922 1832 apocryphon
953 1749 1134 1831 scripturas
1160 1768 1180 1814 a
1206 1767 1298 1815 sacro
1327 1750 1609 1829 oenone,·dieens:

370 1875 436 1924 nnn
466 1873 563 1936 egara
591 1855 762 1922 ecclesiam
789 1855 852 1921 Dei
878 1853 1034 1920 falsitatis
1059 1854 1335 1936 comprobatione,
1365 1871 1438 1936 quae
1470 1853 1510 1918 ab
1541 1855 1614 1936 ipsa

328 1969 334 1978 ’
371 1963 509 2030 semtate
532 1959 602 2026 Deo
628 1959 764 2024 fundam
786 1963 847 2024 est.
886 1958 944 2024 Oui
966 1959 1292 2038 beetusnuamtirua
1307 1959 1455 2040 plurimis
1475 1959 1507 2022 in
1529 1958 1611 2024 locis

354 2069 547 2134 'attestatur
568 2063 684 2130 endem
701 2081 800 2131 sensu
821 2067 855 2128 ct
876 2081 970 2144 pnne
992 2064 1110 2129 iisdem
1132 2063 1250 2128 verbis.
1294 2063 1390 2127 Ponit
1411 2063 1496 2127 idem
1517 2063 1611 2128 Gela·
1642 2060 1668 2106 1⁶

371 2171 439 2236 siue
462 2167 758 2249 interapocrypha¹
781 2168 950 2249 passiones
968 2169 1191 2249 apostolorum
1211 2167 1610 2249 parmenianistae,

441 2319 448 2350 ¹
469 2325 527 2374 ΑΚ.
546 2321 701 2388 Apoclrryim
719 2324 746 2372 S.

371 2484 448 2544 tium
468 2501 524 2540 rex
543 2481 675 2543 totidem
696 2481 808 2556 linguis
828 2481 901 2555 jura
921 2480 1006 2552 dixit,
1028 2498 1086 2556 pre
1109 2482 1252 2539 contione
1276 2481 1411 2556 singulas
1432 2481 1499 2539 sine
1520 2483 1613 2540 inter·

371 2591 462 2664 prete
483 2584 604 2648 allatas.

332 2719 336 2725 ·
458 2689 487 2748 8.
530 2691 686 2766 scriptura
708 2689 746 2750 de
770 2690 954 2750 exaltatione
976 2693 1089 2749 sanata
1123 2682 1237 2766 orncIs]
1270 2709 1304 2748 se
1331 2691 1352 2748 f.
1375 2690 1430 2750 Ex.
1452 2689 1492 2767 gl.
1517 2692 1613 2752 norsk

373 2795 566 2871 Hemiliebeg
582 2794 613 2854 S.
632 2797 699 2866 174,
716 2794 870 2854 Vincentii
887 2793 1114 2854 Bellovaoenais
1134 2795 1223 2871 Spac.
1243 2795 1405 2852 historiale
1427 2795 1540 2868 XXIII,
1564 2797 1616 2854 12.

460 2900 510 2960 10.
554 2890 709 2973 Gelenius]
726 2895 746 2967 †
764 2900 835 2970 496,
859 2917 893 2958 se
915 2897 1106 2973 „Decretalis
1131 2899 1169 2958 de
1190 2899 1377 2974 caelpiendis
1401 2905 1434 2958 et
1451 2917 1514 2958 non
1536 2901 1618 2958 reci·

373 3005 496 3082 piendis
516 3004 615 3075 libris,
638 3005 694 3078 qui
713 3005 849 3079 scriptus
873 3007 922 3062 eat
943 3023 961 3060 a
984 3003 1105 3062 Gelasio
1128 3021 1211 3079 papa
1233 3021 1300 3062 curn
1321 3021 1386 3062 nn
1409 3005 1482 3062 viria
1513 3005 1613 3063 erudi-

372 3111 505 3174 tissimis,
535 3109 691 3184 episcopis
718 3109 750 3166 in
781 3107 854 3168 aede
885 3107 1057 3184 apostolica
1085 3109 1171 3168 urhis
1201 3108 1303 3167 Romee
1327 3104 1439 3180 (Thieh
1461 3107 1611 3184 Epicrate

373 3213 578 3278 Romanorum
595 3210 774 3273 Pontifinnrn
793 3213 931 3288 genuine
951 3211 983 3272 S.
999 3210 1061 3270 tea
1073 3205 1129 3284 n),
1152 3212 1230 3270 hror
1250 3213 1396 3288 fulgenda
1420 3213 1612 3290 apostolislne
1733 3285 1734 3288 Ἴ

373 3309 559 3392 Apparypha
579 3335 714 3378 noeynesr
748 3315 1005 3376 ItInerarinm
1027 3318 1149 3374 nomine
1171 3315 1256 3374 Petri
1278 3317 1410 3391 apostoli
1433 3317 1612 3394 apocryphi,
1733 3295 1734 3310 ἵ

374 3422 427 3497 qni
460 3420 635 3497 appellatur
658 3420 688 3479 S.
712 3419 925 3478 Clementis
970 3420 1041 3478 libri
1080 3439 1236 3478 numero
1269 3438 1299 3492 x,
1333 3422 1611 3496 apocryphum.

372 3527 491 3584 Actus
522 3526 674 3582 nomine
696 3525 858 3584 Andreae
884 3524 1065 3600 apostoli
1089 3525 1326 3600 apocryphi.
1370 3526 1466 3583 Actus
1490 3527 1611 3583 nomine

373 3629 493 3694 Thema
517 3628 649 3706 apostoli
672 3628 848 3705 apocryphi.
904 3629 1000 3688 Aetne
1022 3630 1143 3686 nomine
1165 3627 1250 3685 Petri
1272 3628 1406 3704 apostoli
1428 3630 1507 3687 alius
1539 3648 1613 3705 epo-

374 3734 489 3809 cryphi.
533 3735 629 3792 Actus
651 3734 773 3792 nomine
796 3732 930 3808 Philippi
954 3733 1086 3807 apostoli
1111 3732 1287 3808 apocryphi.
1332 3732 1532 3806 Evangelium
1556 3752 1610 3790 no·
1732 3765 1733 3814 ζ

372 3839 452 3907 mine
474 3835 612 3895 Matthiae
636 3836 852 3916 apocryphum.
903 3835 1103 3912 Evangelium
1124 3837 1245 3894 nomine
1267 3835 1351 3894 Petri
1373 3837 1510 3912 apostoli
1534 3855 1610 3912 apo·
1732 3817 1733 3826 ἵ

374 3940 531 4016 oryphnm.
596 3940 795 4016 Evangelium
827 3940 936 4002 Jeoobi
967 3941 1092 3998 mineris
1126 3940 1344 4016 apocryphum.
1409 3939 1610 4015 Evangelinm

372 4044 520 4104 Barnabae
560 4043 773 4120 apocryphum.
839 4044 1060 4120 Evangelia
1102 4046 1256 4102 nomine
1299 4045 1456 4117 Thomna,
1498 4045 1610 4120 quibus

371 4153 501 4211 utuntur
522 4147 683 4208 Manichai
711 4132 896 4226 apocrypha.
944 4149 1200 4225 Evangelium
1228 4150 1382 4209 nornine
1411 4148 1610 4208 Bartholo-

372 4256 453 4315 maei
486 4252 619 4328 apostoli
651 4253 869 4329 apocryphum.
924 4253 1124 4329 Evangeliam
1155 4254 1276 4313 nomine
1309 4253 1440 4312 Andreae
1473 4253 1609 4330 apostoli
1731 4275 1732 4334 p

373 4357 591 4434 apocryphum.
642 4357 811 4434 Evangelia
831 4377 898 4434 qnae
921 4358 1044 4418 falsavit
1065 4358 1218 4418 Lunianns
1243 4358 1427 4435 apocrypha.
1471 4358 1610 4434 Evange-

372 4462 414 4521 lia
432 4481 499 4538 qua
522 4462 644 4520 falsavit
659 4462 829 4536 Hesychius
853 4463 1036 4538 apocrypha.
1081 4462 1196 4522 Liber
1218 4463 1260 4522 de
1282 4463 1459 4522 infantia
1482 4463 1608 4522 Salva·

371 4568 472 4625 toris
507 4567 713 4643 apocryphus.
768 4566 961 4628 Liber-de
995 4569 1215 4630 nativitate
1240 4567 1463 4630 salvatoris
1494 4571 1534 4625 et
1565 4567 1607 4627 de

371 4670 498 4746 Mania
518 4671 567 4734 vel
589 4671 757 4734 obstetrice
779 4670 984 4748 apocryphus.
