3448 5428
346 361 410 422 280

348 545 518 608 reuertere
553 539 595 606 ad
626 539 762 608 daciam.
793 543 871 622 quia
900 541 958 610 tibi
986 563 1138 612 coronam
1167 543 1316 628 spineam
1346 542 1530 626 preparaui.
1554 547 1589 610 ct

348 647 396 711 sic
431 646 650 728 cummanum
678 645 720 712 ad
748 664 800 711 me
823 647 958 714 ueniens
982 649 1121 730 recipies
1142 671 1163 715 a
1183 667 1235 716 me
1258 649 1443 716 mercedem
1465 647 1588 715 laboris

346 749 405 816 tui.
462 749 622 818 Conciues
651 771 689 816 ac
716 751 859 816 consocii
889 753 937 818 tui
962 759 996 818 ts
1018 755 1050 818 in
1078 773 1179 837 regno
1203 771 1275 820 meo
1299 771 1371 819 cum
1394 752 1513 834 gaudio
1536 771 1589 818 ex·

347 860 490 938 pectant.
535 856 608 921 Noli
632 858 747 922 timere
768 857 844 938 quis
867 863 974 923 tecum
998 877 1079 924 sum.
1105 865 1139 926 et
1160 861 1193 926 in
1217 865 1272 926 tuo
1297 858 1443 924 martirio
1468 862 1502 922 te
1525 876 1589 922 non

348 959 511 1026 deseram.
535 980 574 1028 ex
596 979 661 1042 qua
684 961 809 1026 uisione
833 963 883 1026 uir
905 963 958 1028 dei
981 963 1117 1030 multum
1146 965 1307 1046 gaudens:
1336 965 1376 1030 ad
1407 963 1533 1028 daciam
1556 967 1590 1026 et
1637 974 1649 1016 5

347 1067 541 1147 norwegiam
576 1067 683 1132 rediit.
707 1071 798 1131 etse
820 1073 938 1148 sponte
961 1073 1095 1150 propter
1117 1070 1272 1135 christum
1296 1073 1475 1134 amatorem
1497 1086 1591 1134 suum

348 1170 495 1236 martirio
518 1170 658 1236 subiecit
694 1171 835 1236 Veniens
871 1191 947 1252 ergo
979 1174 1020 1238 ad
1043 1175 1177 1240 daciam.
1210 1175 1408 1255 precedente
1432 1174 1486 1239 die
1508 1193 1592 1238 mar·

348 1274 414 1340 tirii
443 1275 495 1340 sui
526 1274 677 1342 dominus
705 1276 821 1342 ihesus
853 1277 883 1342 ei
906 1278 938 1340 in
961 1284 1057 1344 nocte
1082 1282 1241 1361 apperuit.
1266 1279 1388 1346 diceus.
1433 1278 1592 1344 Opiane.

348 1379 440 1462 aperi
467 1379 579 1446 oculos
610 1386 693 1447 tuos.
725 1387 759 1446 et
791 1382 919 1463 respice
952 1383 1113 1464 superins.
1169 1383 1231 1462 Qui
1261 1401 1388 1450 sursum
1414 1384 1593 1465 respiciens

349 1484 432 1550 uidit
466 1484 587 1550 scalam
615 1486 866 1566 pulcherrimam
901 1485 942 1552 de
970 1487 1041 1553 celo
1071 1489 1253 1570 depositam
1281 1507 1384 1570 usque
1408 1489 1449 1554 ad
1471 1495 1591 1554 terram
1627 1507 1651 1548 m

350 1595 384 1655 et
408 1590 644 1656 descendentes
668 1591 800 1672 angelos
828 1610 899 1656 cum
931 1592 1117 1659 dulcissimo
1146 1595 1283 1660 cantico.
1305 1599 1476 1676 portantes
1499 1612 1592 1660 coro-

351 1713 409 1760 nas
431 1694 550 1762 rubeas
574 1696 613 1760 de
637 1697 722 1762 rosis
746 1697 903 1762 dicentes.
949 1698 1020 1762 Hiis
1043 1699 1127 1764 rosis
1152 1699 1362 1764 coronabitur
1384 1717 1441 1764 rex
1463 1705 1497 1764 et
1518 1717 1594 1764 con·

350 1800 431 1866 ciuis
461 1803 574 1866 noster
603 1801 737 1867 Olauus.
782 1803 825 1866 Et
855 1801 995 1868 christus
1027 1808 1089 1885 ayt.
1146 1803 1237 1870 Hanc
1269 1803 1390 1870 scalam
1426 1805 1593 1870 carissime

354 1905 457 1972 Olane
481 1924 553 1973 curn
575 1907 701 1972 cantico
723 1907 909 1988 augelorum
932 1909 1015 1974 rosia
1038 1908 1174 1974 martirii
1193 1915 1377 1974 coronatus.
1400 1914 1505 1974 matre
1522 1927 1595 1974 mea

352 2009 566 2078 dilectissima
600 2018 634 2077 te
669 2031 740 2078 cum
776 2012 925 2078 omnibus
950 2012 1062 2080 electis
1085 2014 1167 2080 meis
1190 2018 1394 2096 expectante.
1419 2029 1491 2078 cras
1513 2012 1595 2077 bora
1628 2025 1652 2069 1⁵

350 2133 436 2180 nona
468 2117 636 2182 ascendes.
692 2117 782 2184 Tunc
815 2124 948 2184 sanctus
980 2117 1099 2184 olauus
1133 2118 1328 2187 benedicens
1360 2118 1467 2184 deum.
1504 2117 1594 2184 dixit

354 2220 547 2287 benedictus
575 2240 611 2286 es
640 2227 676 2287 tu
698 2223 827 2290 domins
851 2223 894 2290 mi
916 2223 1101 2288 dulcissimo
1124 2223 1230 2290 lhesu
1252 2223 1372 2290 christe
1394 2223 1450 2306 qui
1472 2241 1525 2288 ma
1546 2223 1596 2288 in·

352 2325 486 2408 dignum
519 2325 674 2392 famulum
707 2333 798 2394 tuum
834 2327 875 2392 ad
908 2333 1031 2395 tantam
1066 2327 1202 2408 gloriam
1234 2345 1352 2394 uocare
1383 2329 1536 2409 dignatus
1560 2347 1596 2394 es

352 2431 497 2498 Audiens
519 2436 628 2499 autem
651 2451 824 2514 germanus
848 2435 918 2500 eius
941 2451 1012 2499 cum
1032 2433 1164 2500 Kanuto
1188 2437 1222 2498 et
1243 2433 1315 2498 aliis
1338 2433 1406 2499 suis
1430 2432 1596 2514 complici·

350 2536 413 2603 bus
446 2532 523 2602 filiis
556 2537 740 2620 iniquitatis
772 2539 950 2606 aduentum
983 2539 1074 2604 beati
1104 2537 1209 2604 Olaui.
1233 2539 1423 2621 preparauit
1444 2555 1597 2620 magnam
1630 2557 1655 2600 aa

353 2661 481 2708 crucem
503 2661 543 2709 ac
565 2645 713 2725 spineam
736 2662 889 2710 coronam
912 2649 946 2710 et
971 2645 1001 2710 ei
1024 2643 1162 2709 silenter
1182 2661 1255 2709 cum
1278 2649 1476 2709 armatorum
1501 2661 1599 2708 mauu

354 2746 510 2816 obuiauit.
544 2753 579 2814 et
610 2750 718 2831 ipsum
752 2749 911 2816 uiolenter
945 2751 1086 2831 capiens.
1120 2749 1161 2814 ad
1195 2767 1289 2814 suum
1320 2748 1481 2830 palacium
1504 2749 1599 2814 duxit

354 2852 465 2920 dicens
488 2854 529 2920 ai.
585 2854 718 2936 Abnega
752 2854 909 2920 christum
943 2859 1033 2920 tuum
1070 2858 1103 2920 et
1135 2873 1255 2920 nomeu
1287 2853 1357 2919 eius
1391 2853 1596 2936 blasphema.

353 2955 406 3022 uel
440 2956 473 3025 iu
506 2959 576 3025 eius
612 2959 705 3041 signo
739 2961 842 3026 crucis
878 2959 1099 3042 suspenderis.
1157 2958 1216 3024 Oui
1243 2957 1452 3024 beatissimus
1474 2958 1597 3026 Olauus

352 3063 531 3145 respondit.
577 3064 770 3131 Maledictus
793 3071 828 3130 tu
859 3069 893 3131 et
915 3065 1082 3130 adiutores
1110 3064 1168 3130 tui.
1193 3069 1227 3130 et
1248 3080 1365 3129 noman
1389 3063 1511 3129 domiui
1533 3067 1598 3130 mei
1630 3073 1654 3118 25

353 3168 457 3234 ihesu
479 3168 591 3236 christi
615 3171 658 3235 sit
680 3169 889 3236 benedictum
912 3169 945 3233 in
969 3169 1090 3234 secula.
1136 3169 1226 3234 Tunc
1248 3167 1366 3250 pagani
1389 3169 1497 3250 ipsum
1521 3189 1599 3236 exu-

355 3277 447 3339 entes
470 3272 586 3340 iaciem
611 3276 680 3341 eius
702 3274 866 3341 uelabant.
901 3279 935 3340 et
957 3274 997 3340 ad
1021 3273 1169 3340 maxillas
1191 3275 1417 3355 percutientes
1439 3274 1598 3342 dixerunt.

352 3377 528 3444 Maledicte
548 3380 823 3462 rexprophetisa.
842 3381 964 3462 quista
985 3379 1156 3462 percussit.
1187 3378 1267 3444 Post
1284 3378 1346 3443 hec
1358 3396 1510 3446 coronam
1530 3381 1598 3461 spi·

352 3501 449 3548 neam
472 3484 572 3567 capiti
595 3485 665 3550 eius
689 3486 927 3567 impresserunt
949 3502 1052 3566 usque
1076 3484 1115 3548 ad
1139 3483 1316 3550 cerebrum.
1340 3484 1389 3548 ita
1411 3484 1498 3564 quod
1521 3501 1598 3550 san·

353 3587 426 3668 guis
458 3607 517 3668 per
550 3589 698 3656 maxillas
730 3591 799 3656 eius
831 3589 965 3655 defluxit
995 3594 1028 3654 et
1056 3593 1221 3670 sceptrum
1244 3589 1277 3654 in
1301 3606 1397 3654 manu
1420 3606 1480 3652 sua
1502 3589 1598 3654 dede·
1631 3596 1656 3638 ³⁰

354 3696 438 3756 runt.
473 3696 508 3757 st
539 3693 711 3762 induentes
745 3715 818 3762 eum
852 3699 946 3760 ueste
974 3693 1074 3772 regali
1098 3693 1256 3758 dixerunt.
1303 3693 1388 3760 Ecce
1412 3693 1518 3774 qualis
1541 3712 1600 3760 rex

355 3800 408 3860 est
431 3797 515 3872 iste?
557 3799 680 3866 Postea
701 3819 779 3866 uero
803 3802 905 3882 ipsum
930 3799 1152 3881 imposuerunt
1175 3804 1209 3862 et
1230 3798 1413 3878 ligauerunc
1434 3799 1467 3862 in
1491 3817 1598 3864 cruce.

353 3902 385 3966 in
415 3920 479 3983 qua
509 3922 581 3970 cum
610 3905 758 3969 maximis
790 3905 956 3971 doloribus
981 3902 1084 3968 tribus
1115 3902 1205 3968 horis
1229 3902 1396 3985 pendebat
1419 3921 1514 3968 orans
1537 3921 1598 3985 pro

356 4008 425 4071 suis
458 4007 702 4076 crucifixoribus
739 4010 787 4093 [et
819 4008 1054 4076 mercatoribus
1082 4027 1171 4073 mare
1193 4007 1447 4074 transeuntibus.
1472 4008 1527 4088 qui
1550 4007 1598 4089 ip-

355 4129 427 4176 sum
461 4113 494 4178 in
520 4115 672 4196 periculis
694 4117 872 4180 inuocant¹.
925 4114 967 4179 Et
989 4114 1036 4180 sic
1058 4113 1138 4178 hora
1160 4131 1244 4178 nona
1267 4111 1350 4178 feria
1370 4117 1464 4178 sexta
1488 4127 1597 4196 quarto
1629 4123 1654 4170 ³⁵

353 4225 503 4286 kalendas
534 4229 665 4303 augusti.
698 4247 775 4287 anno
808 4228 968 4286 millesimo
1002 4226 1147 4284 uicesimo
1178 4229 1288 4284 octauo
1317 4225 1355 4283 ab
1384 4227 1597 4284 incarnatione

356 4329 470 4390 donnini
503 4323 564 4389 deo
598 4323 747 4404 spiritum
785 4324 929 4390 tradidit.
973 4324 1084 4388 dicens
1123 4323 1161 4386 In
1199 4339 1312 4388 manus
1350 4328 1424 4388 tuas
1466 4321 1597 4388 domine

426 4563 434 4590 ¹
461 4568 487 4613 et
512 4579 558 4626 pro
594 4566 777 4616 mercatoribus
808 4579 876 4615 mare
909 4563 1107 4624 transeuntibus,
1143 4563 1186 4626 qui
1219 4563 1303 4625 ipsum
1330 4563 1356 4612 in
1382 4561 1504 4625 periculis
1527 4564 1599 4612 invo-

282 4651 290 4662 '
356 4654 423 4704 cant.
458 4651 525 4704 Ultr.
