<?xml version="1.0" encoding="UTF-8"?>
<!DOCTYPE html PUBLIC "-//W3C//DTD XHTML 1.0 Transitional//EN"
    "http://www.w3.org/TR/xhtml1/DTD/xhtml1-transitional.dtd">
<html xmlns="http://www.w3.org/1999/xhtml" xml:lang="en" lang="en">
 <head>
  <title>
</title>
<meta http-equiv="Content-Type" content="text/html;charset=utf-8" />
  <meta name='ocr-system' content='tesseract 3.04.00' />
  <meta name='ocr-capabilities' content='ocr_page ocr_carea ocr_par ocr_line ocrx_word'/>
</head>
<body>
  <div class='ocr_page' id='page_1' title='image "./monumentahistor00storgoog/monumentahistor00storgoog_0348.png"; bbox 0 0 3448 5428; ppageno 0'>
   <div class='ocr_carea' id='block_1_1' title="bbox 640 613 1357 701">
    <p class='ocr_par' dir='ltr' id='par_1_1' title="bbox 640 613 1357 701">
     <span class='ocr_line' id='line_1_1' title="bbox 640 613 1357 701; baseline 0.001 -17"><span class='ocrx_word' id='word_1_1' title='bbox 640 618 678 686; x_wconf 92' lang='lat' dir='ltr'>In</span> <span class='ocrx_word' id='word_1_2' title='bbox 700 617 787 687; x_wconf 85' lang='lat' dir='ltr'>lento</span> <span class='ocrx_word' id='word_1_3' title='bbox 812 619 845 687; x_wconf 80' lang='lat' dir='ltr'>S.</span> <span class='ocrx_word' id='word_1_4' title='bbox 873 615 967 685; x_wconf 68' lang='lat' dir='ltr'>Olane·</span> <span class='ocrx_word' id='word_1_5' title='bbox 989 615 1101 701; x_wconf 86' lang='lat' dir='ltr'>[Regis</span> <span class='ocrx_word' id='word_1_6' title='bbox 1124 621 1159 684; x_wconf 91' lang='lat' dir='ltr'>et</span> <span class='ocrx_word' id='word_1_7' title='bbox 1179 613 1357 701; x_wconf 67' lang='lat' dir='ltr'>Maurum</span> 
     </span>
    </p>
   </div>
   <div class='ocr_carea' id='block_1_2' title="bbox 307 784 1689 4228">
    <p class='ocr_par' dir='ltr' id='par_1_2' title="bbox 307 784 1676 1607">
     <span class='ocr_line' id='line_1_2' title="bbox 461 784 1615 871; baseline -0.003 -19"><span class='ocrx_word' id='word_1_8' title='bbox 461 787 571 854; x_wconf 81' lang='lat' dir='ltr'>Lectio</span> <span class='ocrx_word' id='word_1_9' title='bbox 584 789 704 871; x_wconf 83' lang='lat' dir='ltr'>primo.</span> <span class='ocrx_word' id='word_1_10' title='bbox 750 789 920 870; x_wconf 90' lang='lat' dir='ltr'>Regnante</span> <span class='ocrx_word' id='word_1_11' title='bbox 944 785 1164 852; x_wconf 87' lang='lat' dir='ltr'>illustrissimo</span> <span class='ocrx_word' id='word_1_12' title='bbox 1186 785 1275 868; x_wconf 87' lang='lat' dir='ltr'>Rege</span> <span class='ocrx_word' id='word_1_13' title='bbox 1298 785 1400 851; x_wconf 90' lang='lat' dir='ltr'>Olavo</span> <span class='ocrx_word' id='word_1_14' title='bbox 1424 784 1513 867; x_wconf 91' lang='lat' dir='ltr'>apud</span> <span class='ocrx_word' id='word_1_15' title='bbox 1533 785 1615 850; x_wconf 88' lang='lat' dir='ltr'>Nor·</span> 
     </span>
     <span class='ocr_line' id='line_1_3' title="bbox 376 890 1620 977; baseline -0.006 -16"><span class='ocrx_word' id='word_1_16' title='bbox 376 894 516 976; x_wconf 87' lang='lat' dir='ltr'>vegiam‚</span> <span class='ocrx_word' id='word_1_17' title='bbox 552 912 624 977; x_wconf 76' lang='lat' dir='ltr'>quae</span> <span class='ocrx_word' id='word_1_18' title='bbox 656 899 711 960; x_wconf 89' lang='lat' dir='ltr'>est</span> <span class='ocrx_word' id='word_1_19' title='bbox 743 897 832 960; x_wconf 87' lang='lat' dir='ltr'>terra</span> <span class='ocrx_word' id='word_1_20' title='bbox 864 892 1067 976; x_wconf 82' lang='lat' dir='ltr'>praegrandis</span> <span class='ocrx_word' id='word_1_21' title='bbox 1097 907 1211 957; x_wconf 90' lang='lat' dir='ltr'>versus</span> <span class='ocrx_word' id='word_1_22' title='bbox 1242 890 1425 974; x_wconf 89' lang='lat' dir='ltr'>aqvilonem</span> <span class='ocrx_word' id='word_1_23' title='bbox 1453 890 1574 970; x_wconf 87' lang='lat' dir='ltr'>locata,</span> <span class='ocrx_word' id='word_1_24' title='bbox 1600 908 1620 954; x_wconf 95' lang='lat' dir='ltr'>a</span> 
     </span>
     <span class='ocr_line' id='line_1_4' title="bbox 307 995 1619 1078; baseline -0.005 -11"><span class='ocrx_word' id='word_1_25' title='bbox 307 1053 309 1058; x_wconf 91' lang='lat'><em>.</em></span> <span class='ocrx_word' id='word_1_26' title='bbox 378 1000 516 1066; x_wconf 88' lang='lat' dir='ltr'>meridie</span> <span class='ocrx_word' id='word_1_27' title='bbox 550 999 683 1066; x_wconf 79' lang='lat' dir='ltr'><strong>Daciam</strong></span> <span class='ocrx_word' id='word_1_28' title='bbox 719 997 852 1078; x_wconf 91' lang='lat' dir='ltr'>habeus,</span> <span class='ocrx_word' id='word_1_29' title='bbox 894 997 1031 1063; x_wconf 87' lang='lat' dir='ltr'>eandem</span> <span class='ocrx_word' id='word_1_30' title='bbox 1070 996 1207 1077; x_wconf 93' lang='lat' dir='ltr'>ingressi</span> <span class='ocrx_word' id='word_1_31' title='bbox 1242 1002 1319 1060; x_wconf 89' lang='lat' dir='ltr'>sunt</span> <span class='ocrx_word' id='word_1_32' title='bbox 1359 1000 1480 1062; x_wconf 90' lang='lat' dir='ltr'>terram</span> <span class='ocrx_word' id='word_1_33' title='bbox 1520 995 1619 1078; x_wconf 91' lang='lat' dir='ltr'>pedes</span> 
     </span>
     <span class='ocr_line' id='line_1_5' title="bbox 381 1100 1676 1186; baseline -0.004 -15"><span class='ocrx_word' id='word_1_34' title='bbox 381 1103 693 1186; x_wconf 83' lang='lat' dir='ltr'>[evangelizantium</span> <span class='ocrx_word' id='word_1_35' title='bbox 723 1101 853 1186; x_wconf 80' lang='lat' dir='ltr'>pacem&#39;</span> <span class='ocrx_word' id='word_1_36' title='bbox 881 1101 1182 1184; x_wconf 81' lang='lat' dir='ltr'>evangelizantium</span> <span class='ocrx_word' id='word_1_37' title='bbox 1211 1101 1306 1166; x_wconf 90' lang='lat' dir='ltr'>bona.</span> <span class='ocrx_word' id='word_1_38' title='bbox 1358 1101 1532 1168; x_wconf 83' lang='lat' dir='ltr'><strong>Gloriosus</strong></span> <span class='ocrx_word' id='word_1_39' title='bbox 1554 1100 1621 1166; x_wconf 87' lang='lat' dir='ltr'>Rex</span> <span class='ocrx_word' id='word_1_40' title='bbox 1665 1113 1676 1157; x_wconf 76' lang='lat'>⁵</span> 
     </span>
     <span class='ocr_line' id='line_1_6' title="bbox 380 1205 1620 1292; baseline -0.004 -16"><span class='ocrx_word' id='word_1_41' title='bbox 380 1209 511 1291; x_wconf 90' lang='lat' dir='ltr'>Olavus,</span> <span class='ocrx_word' id='word_1_42' title='bbox 542 1209 595 1292; x_wconf 86' lang='lat' dir='ltr'>qvi</span> <span class='ocrx_word' id='word_1_43' title='bbox 624 1209 703 1276; x_wconf 90' lang='lat' dir='ltr'>licet</span> <span class='ocrx_word' id='word_1_44' title='bbox 730 1208 860 1290; x_wconf 87' lang='lat' dir='ltr'>gentilis</span> <span class='ocrx_word' id='word_1_45' title='bbox 882 1212 998 1274; x_wconf 91' lang='lat' dir='ltr'>natura</span> <span class='ocrx_word' id='word_1_46' title='bbox 1020 1205 1145 1272; x_wconf 76' lang='lat' dir='ltr'>tamen³</span> <span class='ocrx_word' id='word_1_47' title='bbox 1165 1205 1326 1288; x_wconf 87' lang='lat' dir='ltr'>benignus</span> <span class='ocrx_word' id='word_1_48' title='bbox 1349 1212 1421 1273; x_wconf 91' lang='lat' dir='ltr'>erat</span> <span class='ocrx_word' id='word_1_49' title='bbox 1444 1212 1478 1272; x_wconf 89' lang='lat' dir='ltr'>et</span> <span class='ocrx_word' id='word_1_50' title='bbox 1500 1206 1542 1271; x_wconf 92' lang='lat' dir='ltr'>ad</span> <span class='ocrx_word' id='word_1_51' title='bbox 1563 1205 1620 1272; x_wconf 93' lang='lat' dir='ltr'>ho-</span> 
     </span>
     <span class='ocr_line' id='line_1_7' title="bbox 378 1311 1622 1397; baseline -0.005 -15"><span class='ocrx_word' id='word_1_52' title='bbox 378 1319 473 1382; x_wconf 90' lang='lat' dir='ltr'>nesta</span> <span class='ocrx_word' id='word_1_53' title='bbox 506 1333 639 1397; x_wconf 84' lang='lat' dir='ltr'>qvaeqve</span> <span class='ocrx_word' id='word_1_54' title='bbox 673 1314 838 1397; x_wconf 89' lang='lat' dir='ltr'>seqvenda</span> <span class='ocrx_word' id='word_1_55' title='bbox 867 1311 1004 1396; x_wconf 85' lang='lat' dir='ltr'>qvadam</span> <span class='ocrx_word' id='word_1_56' title='bbox 1035 1311 1152 1377; x_wconf 91' lang='lat' dir='ltr'>mentis</span> <span class='ocrx_word' id='word_1_57' title='bbox 1181 1311 1384 1392; x_wconf 76' lang='lat' dir='ltr'><strong>ingenuitate</strong></span> <span class='ocrx_word' id='word_1_58' title='bbox 1415 1311 1622 1394; x_wconf 89' lang='lat' dir='ltr'>promptissi-</span> 
     </span>
     <span class='ocr_line' id='line_1_8' title="bbox 379 1415 1621 1498; baseline -0.003 -13"><span class='ocrx_word' id='word_1_59' title='bbox 379 1437 461 1485; x_wconf 90' lang='lat' dir='ltr'>mus.</span> <span class='ocrx_word' id='word_1_60' title='bbox 507 1419 669 1485; x_wconf 89' lang='lat' dir='ltr'>Sordebat</span> <span class='ocrx_word' id='word_1_61' title='bbox 701 1419 786 1486; x_wconf 89' lang='lat' dir='ltr'>enim</span> <span class='ocrx_word' id='word_1_62' title='bbox 819 1419 848 1484; x_wconf 91' lang='lat' dir='ltr'>ei</span> <span class='ocrx_word' id='word_1_63' title='bbox 884 1419 986 1484; x_wconf 91' lang='lat' dir='ltr'>omnis</span> <span class='ocrx_word' id='word_1_64' title='bbox 1018 1436 1101 1484; x_wconf 91' lang='lat' dir='ltr'>vana</span> <span class='ocrx_word' id='word_1_65' title='bbox 1130 1415 1305 1482; x_wconf 82' lang='lat' dir='ltr'>delectatio</span> <span class='ocrx_word' id='word_1_66' title='bbox 1329 1421 1363 1483; x_wconf 90' lang='lat' dir='ltr'>et</span> <span class='ocrx_word' id='word_1_67' title='bbox 1384 1417 1508 1483; x_wconf 90' lang='lat' dir='ltr'>terreni</span> <span class='ocrx_word' id='word_1_68' title='bbox 1531 1417 1621 1498; x_wconf 91' lang='lat' dir='ltr'>regui</span> 
     </span>
     <span class='ocr_line' id='line_1_9' title="bbox 379 1522 1145 1607; baseline -0.003 -18"><span class='ocrx_word' id='word_1_69' title='bbox 379 1525 484 1606; x_wconf 88' lang='lat' dir='ltr'>gloria</span> <span class='ocrx_word' id='word_1_70' title='bbox 504 1542 573 1607; x_wconf 86' lang='lat' dir='ltr'>prae</span> <span class='ocrx_word' id='word_1_71' title='bbox 597 1523 768 1590; x_wconf 83' lang='lat' dir='ltr'>dulcedine</span> <span class='ocrx_word' id='word_1_72' title='bbox 791 1522 934 1589; x_wconf 80' lang='lat' dir='ltr'>caelestis</span> <span class='ocrx_word' id='word_1_73' title='bbox 954 1522 1145 1588; x_wconf 75' lang='lat' dir='ltr'>vilescebat.</span> 
     </span>
    </p>

    <p class='ocr_par' dir='ltr' id='par_1_3' title="bbox 378 1625 1683 2746">
     <span class='ocr_line' id='line_1_10' title="bbox 465 1625 1678 1712; baseline -0.002 -18"><span class='ocrx_word' id='word_1_74' title='bbox 465 1627 573 1694; x_wconf 86' lang='lat' dir='ltr'>Lectio</span> <span class='ocrx_word' id='word_1_75' title='bbox 594 1626 643 1695; x_wconf 92' lang='grc' dir='ltr'>ΙΙ.</span> <span class='ocrx_word' id='word_1_76' title='bbox 694 1629 731 1694; x_wconf 91' lang='lat' dir='ltr'>Iu</span> <span class='ocrx_word' id='word_1_77' title='bbox 763 1628 878 1710; x_wconf 79' lang='lat' dir='ltr'>Regali</span> <span class='ocrx_word' id='word_1_78' title='bbox 912 1627 1059 1712; x_wconf 83' lang='lat' dir='ltr'>[fastigio</span> <span class='ocrx_word' id='word_1_79' title='bbox 1093 1625 1310 1694; x_wconf 64' lang='lat' dir='ltr'>constitutus⁴</span> <span class='ocrx_word' id='word_1_80' title='bbox 1347 1627 1466 1709; x_wconf 90' lang='lat' dir='ltr'>spiritu</span> <span class='ocrx_word' id='word_1_81' title='bbox 1498 1645 1622 1710; x_wconf 80' lang='lat' dir='ltr'>pauper</span> <span class='ocrx_word' id='word_1_82' title='bbox 1654 1634 1678 1679; x_wconf 86' lang='lat'>1⁰</span> 
     </span>
     <span class='ocr_line' id='line_1_11' title="bbox 380 1732 1623 1816; baseline -0.001 -17"><span class='ocrx_word' id='word_1_83' title='bbox 380 1739 460 1814; x_wconf 88' lang='lat' dir='ltr'>erat,</span> <span class='ocrx_word' id='word_1_84' title='bbox 484 1738 518 1799; x_wconf 87' lang='lat' dir='ltr'>et</span> <span class='ocrx_word' id='word_1_85' title='bbox 539 1733 629 1814; x_wconf 91' lang='lat' dir='ltr'>regni</span> <span class='ocrx_word' id='word_1_86' title='bbox 651 1734 792 1816; x_wconf 87' lang='lat' dir='ltr'>negotiis</span> <span class='ocrx_word' id='word_1_87' title='bbox 820 1733 1005 1815; x_wconf 88' lang='lat' dir='ltr'>implicatus</span> <span class='ocrx_word' id='word_1_88' title='bbox 1033 1732 1259 1798; x_wconf 82' lang='lat' dir='ltr'>nichilominus</span> <span class='ocrx_word' id='word_1_89' title='bbox 1288 1733 1509 1800; x_wconf 80' lang='lat' dir='ltr'>meditabatur</span> <span class='ocrx_word' id='word_1_90' title='bbox 1532 1733 1623 1799; x_wconf 84' lang='lat' dir='ltr'>coele-</span> 
     </span>
     <span class='ocr_line' id='line_1_12' title="bbox 380 1836 1622 1920; baseline 0 -16"><span class='ocrx_word' id='word_1_91' title='bbox 380 1839 453 1904; x_wconf 87' lang='lat' dir='ltr'>stia.</span> <span class='ocrx_word' id='word_1_92' title='bbox 499 1836 656 1920; x_wconf 80' lang='lat' dir='ltr'>Quicquid</span> <span class='ocrx_word' id='word_1_93' title='bbox 676 1838 785 1903; x_wconf 88' lang='lat' dir='ltr'>divina</span> <span class='ocrx_word' id='word_1_94' title='bbox 805 1839 860 1904; x_wconf 86' lang='lat' dir='ltr'>lex</span> <span class='ocrx_word' id='word_1_95' title='bbox 880 1838 1035 1920; x_wconf 88' lang='lat' dir='ltr'>prohibet</span> <span class='ocrx_word' id='word_1_96' title='bbox 1055 1837 1266 1904; x_wconf 89' lang='lat' dir='ltr'>vehementer</span> <span class='ocrx_word' id='word_1_97' title='bbox 1288 1837 1503 1918; x_wconf 88' lang='lat' dir='ltr'>adhorrebat;</span> <span class='ocrx_word' id='word_1_98' title='bbox 1527 1837 1622 1917; x_wconf 78' lang='lat' dir='ltr'>Quic-</span> 
     </span>
     <span class='ocr_line' id='line_1_13' title="bbox 381 1941 1624 2026; baseline -0.001 -17"><span class='ocrx_word' id='word_1_99' title='bbox 381 1943 457 2026; x_wconf 88' lang='lat' dir='ltr'>qvid</span> <span class='ocrx_word' id='word_1_100' title='bbox 479 1943 637 2025; x_wconf 75' lang='lat' dir='ltr'>precipit,</span> <span class='ocrx_word' id='word_1_101' title='bbox 668 1944 897 2009; x_wconf 87' lang='lat' dir='ltr'>ardentissimo</span> <span class='ocrx_word' id='word_1_102' title='bbox 926 1942 1208 2024; x_wconf 85' lang='lat' dir='ltr'>complectebatur</span> <span class='ocrx_word' id='word_1_103' title='bbox 1231 1941 1359 2009; x_wconf 83' lang='lat' dir='ltr'>affectu.</span> <span class='ocrx_word' id='word_1_104' title='bbox 1403 1943 1472 2012; x_wconf 90' lang='lat' dir='ltr'>Nec</span> <span class='ocrx_word' id='word_1_105' title='bbox 1491 1943 1624 2026; x_wconf 91' lang='lat' dir='ltr'>propria</span> 
     </span>
     <span class='ocr_line' id='line_1_14' title="bbox 380 2047 1625 2132; baseline -0.002 -18"><span class='ocrx_word' id='word_1_106' title='bbox 380 2049 488 2114; x_wconf 86' lang='lat' dir='ltr'>salute</span> <span class='ocrx_word' id='word_1_107' title='bbox 511 2051 684 2114; x_wconf 89' lang='lat' dir='ltr'>contentus</span> <span class='ocrx_word' id='word_1_108' title='bbox 709 2049 849 2130; x_wconf 92' lang='lat' dir='ltr'>populos</span> <span class='ocrx_word' id='word_1_109' title='bbox 884 2047 998 2131; x_wconf 88' lang='lat' dir='ltr'>qvibus</span> <span class='ocrx_word' id='word_1_110' title='bbox 1034 2047 1141 2113; x_wconf 91' lang='lat' dir='ltr'>diviua</span> <span class='ocrx_word' id='word_1_111' title='bbox 1176 2048 1386 2131; x_wconf 81' lang='lat' dir='ltr'>dispensante</span> <span class='ocrx_word' id='word_1_112' title='bbox 1418 2047 1625 2132; x_wconf 89' lang='lat' dir='ltr'>providentia</span> 
     </span>
     <span class='ocr_line' id='line_1_15' title="bbox 378 2151 1679 2237; baseline -0.002 -17"><span class='ocrx_word' id='word_1_113' title='bbox 378 2153 583 2237; x_wconf 81' lang='lat' dir='ltr'>praestitutus</span> <span class='ocrx_word' id='word_1_114' title='bbox 608 2157 688 2233; x_wconf 86' lang='lat' dir='ltr'>erat,</span> <span class='ocrx_word' id='word_1_115' title='bbox 721 2154 763 2219; x_wconf 89' lang='lat' dir='ltr'>ad</span> <span class='ocrx_word' id='word_1_116' title='bbox 792 2153 889 2219; x_wconf 89' lang='lat' dir='ltr'>fidem</span> <span class='ocrx_word' id='word_1_117' title='bbox 913 2151 1073 2234; x_wconf 68' lang='lat' dir='ltr'>vigilantil</span> <span class='ocrx_word' id='word_1_118' title='bbox 1101 2158 1290 2218; x_wconf 90' lang='lat' dir='ltr'>convertere</span> <span class='ocrx_word' id='word_1_119' title='bbox 1312 2152 1480 2219; x_wconf 86' lang='lat' dir='ltr'>nitebatur</span> <span class='ocrx_word' id='word_1_120' title='bbox 1502 2153 1623 2219; x_wconf 90' lang='lat' dir='ltr'>instan-</span> <span class='ocrx_word' id='word_1_121' title='bbox 1655 2154 1679 2201; x_wconf 84' lang='lat'>1⁵</span> 
     </span>
     <span class='ocr_line' id='line_1_16' title="bbox 379 2255 1624 2340; baseline -0.003 -16"><span class='ocrx_word' id='word_1_122' title='bbox 379 2260 435 2338; x_wconf 88' lang='lat' dir='ltr'>tia,</span> <span class='ocrx_word' id='word_1_123' title='bbox 466 2265 501 2326; x_wconf 88' lang='lat' dir='ltr'>et</span> <span class='ocrx_word' id='word_1_124' title='bbox 523 2276 607 2324; x_wconf 91' lang='lat' dir='ltr'>novo</span> <span class='ocrx_word' id='word_1_125' title='bbox 637 2276 745 2324; x_wconf 92' lang='lat' dir='ltr'>rerum</span> <span class='ocrx_word' id='word_1_126' title='bbox 773 2258 886 2324; x_wconf 91' lang='lat' dir='ltr'>ordine</span> <span class='ocrx_word' id='word_1_127' title='bbox 908 2257 977 2323; x_wconf 92' lang='lat' dir='ltr'>Rex</span> <span class='ocrx_word' id='word_1_128' title='bbox 1000 2258 1141 2338; x_wconf 90' lang='lat' dir='ltr'>apostoli</span> <span class='ocrx_word' id='word_1_129' title='bbox 1163 2259 1266 2325; x_wconf 91' lang='lat' dir='ltr'>vicem</span> <span class='ocrx_word' id='word_1_130' title='bbox 1287 2255 1441 2340; x_wconf 80' lang='lat' dir='ltr'>lungens⁶</span> <span class='ocrx_word' id='word_1_131' title='bbox 1463 2257 1537 2338; x_wconf 91' lang='lat' dir='ltr'>ipse</span> <span class='ocrx_word' id='word_1_132' title='bbox 1560 2255 1624 2320; x_wconf 92' lang='lat' dir='ltr'>dux</span> 
     </span>
     <span class='ocr_line' id='line_1_17' title="bbox 380 2360 1624 2448; baseline -0.003 -18"><span class='ocrx_word' id='word_1_133' title='bbox 380 2363 484 2448; x_wconf 88' lang='lat' dir='ltr'>[verbi</span> <span class='ocrx_word' id='word_1_134' title='bbox 507 2362 630 2429; x_wconf 86' lang='lat' dir='ltr'>Christi</span> <span class='ocrx_word' id='word_1_135' title='bbox 658 2363 797 2444; x_wconf 79' lang='lat' dir='ltr'>gratiam</span> <span class='ocrx_word' id='word_1_136' title='bbox 824 2363 948 2446; x_wconf 89' lang='lat' dir='ltr'>passim</span> <span class='ocrx_word' id='word_1_137' title='bbox 979 2361 1143 2428; x_wconf 74' lang='lat' dir='ltr'>omnibusl</span> <span class='ocrx_word' id='word_1_138' title='bbox 1169 2363 1382 2445; x_wconf 74' lang='lat' dir='ltr'>predicabat.</span> <span class='ocrx_word' id='word_1_139' title='bbox 1428 2360 1624 2428; x_wconf 80' lang='lat' dir='ltr'>⁸Nonnullos</span> 
     </span>
     <span class='ocr_line' id='line_1_18' title="bbox 380 2465 1623 2550; baseline -0.003 -14"><span class='ocrx_word' id='word_1_140' title='bbox 380 2470 479 2536; x_wconf 91' lang='lat' dir='ltr'>etiam</span> <span class='ocrx_word' id='word_1_141' title='bbox 501 2467 747 2550; x_wconf 71' lang='lat' dir='ltr'>predicationis</span> <span class='ocrx_word' id='word_1_142' title='bbox 771 2468 885 2550; x_wconf 88' lang='lat' dir='ltr'>gratia,</span> <span class='ocrx_word' id='word_1_143' title='bbox 914 2486 985 2549; x_wconf 80' lang='lat' dir='ltr'>qve</span> <span class='ocrx_word' id='word_1_144' title='bbox 1010 2465 1130 2532; x_wconf 88' lang='lat' dir='ltr'>dillusa</span> <span class='ocrx_word' id='word_1_145' title='bbox 1153 2473 1224 2534; x_wconf 87' lang='lat' dir='ltr'>erat</span> <span class='ocrx_word' id='word_1_146' title='bbox 1245 2469 1278 2533; x_wconf 93' lang='lat' dir='ltr'>in</span> <span class='ocrx_word' id='word_1_147' title='bbox 1298 2467 1395 2533; x_wconf 90' lang='lat' dir='ltr'>labiis</span> <span class='ocrx_word' id='word_1_148' title='bbox 1419 2467 1501 2548; x_wconf 75' lang='lat' dir='ltr'>eius,</span> <span class='ocrx_word' id='word_1_149' title='bbox 1525 2484 1546 2530; x_wconf 92' lang='lat' dir='ltr'>a</span> <span class='ocrx_word' id='word_1_150' title='bbox 1566 2485 1623 2532; x_wconf 52' lang='lat' dir='ltr'>nea</span> 
     </span>
     <span class='ocr_line' id='line_1_19' title="bbox 379 2570 1626 2656; baseline -0.003 -16"><span class='ocrx_word' id='word_1_151' title='bbox 379 2573 487 2640; x_wconf 90' lang='lat' dir='ltr'>landis</span> <span class='ocrx_word' id='word_1_152' title='bbox 522 2573 705 2639; x_wconf 76' lang='lat' dir='ltr'>damonum</span> <span class='ocrx_word' id='word_1_153' title='bbox 739 2572 881 2638; x_wconf 90' lang='lat' dir='ltr'>cultibus</span> <span class='ocrx_word' id='word_1_154' title='bbox 915 2573 955 2638; x_wconf 92' lang='lat' dir='ltr'>ad</span> <span class='ocrx_word' id='word_1_155' title='bbox 989 2572 1186 2654; x_wconf 84' lang='lat' dir='ltr'>agnitionem</span> <span class='ocrx_word' id='word_1_156' title='bbox 1218 2572 1267 2656; x_wconf 88' lang='lat' dir='ltr'>[et</span> <span class='ocrx_word' id='word_1_157' title='bbox 1297 2570 1533 2638; x_wconf 75' lang='lat' dir='ltr'>reverentiam⁹</span> <span class='ocrx_word' id='word_1_158' title='bbox 1574 2570 1626 2636; x_wconf 87' lang='lat' dir='ltr'>sui</span> 
     </span>
     <span class='ocr_line' id='line_1_20' title="bbox 379 2677 1683 2746; baseline -0.005 0"><span class='ocrx_word' id='word_1_159' title='bbox 379 2678 537 2746; x_wconf 93' lang='lat' dir='ltr'>creatoris</span> <span class='ocrx_word' id='word_1_160' title='bbox 560 2677 700 2743; x_wconf 89' lang='lat' dir='ltr'>reduxit.</span> <span class='ocrx_word' id='word_1_161' title='bbox 1659 2678 1683 2723; x_wconf 76' lang='lat'>2⁰</span> 
     </span>
    </p>

    <p class='ocr_par' dir='ltr' id='par_1_4' title="bbox 379 2780 1689 4228">
     <span class='ocr_line' id='line_1_21' title="bbox 465 2780 1627 2864; baseline -0.002 -16"><span class='ocrx_word' id='word_1_162' title='bbox 465 2783 574 2848; x_wconf 79' lang='lat' dir='ltr'>Lectio</span> <span class='ocrx_word' id='word_1_163' title='bbox 597 2781 667 2848; x_wconf 90' lang='grc' dir='ltr'><em>ΙΙΙ.</em></span> <span class='ocrx_word' id='word_1_164' title='bbox 712 2781 785 2848; x_wconf 90' lang='lat' dir='ltr'>Nou</span> <span class='ocrx_word' id='word_1_165' title='bbox 818 2781 974 2850; x_wconf 87' lang='lat' dir='ltr'>cessabat</span> <span class='ocrx_word' id='word_1_166' title='bbox 1006 2780 1191 2848; x_wconf 81' lang='lat' dir='ltr'>indefessus</span> <span class='ocrx_word' id='word_1_167' title='bbox 1226 2782 1393 2864; x_wconf 86' lang='lat' dir='ltr'>evangelii</span> <span class='ocrx_word' id='word_1_168' title='bbox 1426 2781 1627 2864; x_wconf 89' lang='lat' dir='ltr'>praedicator</span> 
     </span>
     <span class='ocr_line' id='line_1_22' title="bbox 381 2885 1626 2970; baseline -0.002 -16"><span class='ocrx_word' id='word_1_169' title='bbox 381 2907 465 2954; x_wconf 91' lang='lat' dir='ltr'>nunc</span> <span class='ocrx_word' id='word_1_170' title='bbox 490 2887 673 2954; x_wconf 90' lang='lat' dir='ltr'>obstinatos</span> <span class='ocrx_word' id='word_1_171' title='bbox 696 2888 896 2967; x_wconf 84' lang='lat' dir='ltr'>convincere,</span> <span class='ocrx_word' id='word_1_172' title='bbox 929 2906 1014 2952; x_wconf 92' lang='lat' dir='ltr'>nuuc</span> <span class='ocrx_word' id='word_1_173' title='bbox 1043 2888 1204 2953; x_wconf 88' lang='lat' dir='ltr'>instruere</span> <span class='ocrx_word' id='word_1_174' title='bbox 1235 2887 1344 2970; x_wconf 86' lang='lat' dir='ltr'>rudes,</span> <span class='ocrx_word' id='word_1_175' title='bbox 1377 2905 1461 2952; x_wconf 92' lang='lat' dir='ltr'>nuuc</span> <span class='ocrx_word' id='word_1_176' title='bbox 1494 2887 1528 2952; x_wconf 93' lang='lat' dir='ltr'>in</span> <span class='ocrx_word' id='word_1_177' title='bbox 1561 2885 1626 2952; x_wconf 90' lang='lat' dir='ltr'>lide</span> 
     </span>
     <span class='ocr_line' id='line_1_23' title="bbox 381 2990 1626 3074; baseline -0.002 -15"><span class='ocrx_word' id='word_1_178' title='bbox 381 2998 513 3060; x_wconf 90' lang='lat' dir='ltr'>teneros</span> <span class='ocrx_word' id='word_1_179' title='bbox 536 2991 736 3060; x_wconf 89' lang='lat' dir='ltr'>confirmare.</span> <span class='ocrx_word' id='word_1_180' title='bbox 780 2990 887 3058; x_wconf 89' lang='lat' dir='ltr'>Nichil</span> <span class='ocrx_word' id='word_1_181' title='bbox 909 2993 990 3074; x_wconf 86' lang='lat' dir='ltr'>regii</span> <span class='ocrx_word' id='word_1_182' title='bbox 1009 2991 1122 3072; x_wconf 84' lang='lat' dir='ltr'>fastus,</span> <span class='ocrx_word' id='word_1_183' title='bbox 1146 2993 1246 3058; x_wconf 89' lang='lat' dir='ltr'>nichil</span> <span class='ocrx_word' id='word_1_184' title='bbox 1268 2991 1466 3074; x_wconf 80' lang='lat' dir='ltr'>tyrrannidis</span> <span class='ocrx_word' id='word_1_185' title='bbox 1490 2993 1524 3056; x_wconf 92' lang='lat' dir='ltr'>in</span> <span class='ocrx_word' id='word_1_186' title='bbox 1547 3008 1626 3057; x_wconf 90' lang='lat' dir='ltr'>suos</span> 
     </span>
     <span class='ocr_line' id='line_1_24' title="bbox 382 3096 1627 3179; baseline -0.002 -15"><span class='ocrx_word' id='word_1_187' title='bbox 382 3098 555 3165; x_wconf 92' lang='lat' dir='ltr'>exercebat</span> <span class='ocrx_word' id='word_1_188' title='bbox 588 3098 748 3176; x_wconf 89' lang='lat' dir='ltr'>subditos,</span> <span class='ocrx_word' id='word_1_189' title='bbox 782 3099 880 3163; x_wconf 90' lang='lat' dir='ltr'>immo</span> <span class='ocrx_word' id='word_1_190' title='bbox 915 3097 1065 3162; x_wconf 88' lang='lat' dir='ltr'>omuibus</span> <span class='ocrx_word' id='word_1_191' title='bbox 1101 3097 1249 3179; x_wconf 90' lang='lat' dir='ltr'>exempla</span> <span class='ocrx_word' id='word_1_192' title='bbox 1285 3096 1459 3179; x_wconf 84' lang='lat' dir='ltr'>praebebat</span> <span class='ocrx_word' id='word_1_193' title='bbox 1499 3113 1627 3178; x_wconf 78' lang='lat' dir='ltr'>magnae</span> 
     </span>
     <span class='ocr_line' id='line_1_25' title="bbox 379 3200 1684 3283; baseline -0.005 -15"><span class='ocrx_word' id='word_1_194' title='bbox 379 3203 575 3268; x_wconf 88' lang='lat' dir='ltr'>humilitatis</span> <span class='ocrx_word' id='word_1_195' title='bbox 609 3209 643 3270; x_wconf 90' lang='lat' dir='ltr'>et</span> <span class='ocrx_word' id='word_1_196' title='bbox 675 3202 943 3268; x_wconf 89' lang='lat' dir='ltr'>mansvetudinis.</span> <span class='ocrx_word' id='word_1_197' title='bbox 1008 3201 1070 3266; x_wconf 86' lang='lat' dir='ltr'>¹⁰In</span> <span class='ocrx_word' id='word_1_198' title='bbox 1097 3200 1205 3268; x_wconf 91' lang='lat' dir='ltr'>luturo</span> <span class='ocrx_word' id='word_1_199' title='bbox 1229 3202 1328 3268; x_wconf 87' lang='lat' dir='ltr'>eliam</span> <span class='ocrx_word' id='word_1_200' title='bbox 1350 3201 1528 3283; x_wconf 89' lang='lat' dir='ltr'>provinciis</span> <span class='ocrx_word' id='word_1_201' title='bbox 1553 3202 1625 3283; x_wconf 90' lang='lat' dir='ltr'>qui-</span> <span class='ocrx_word' id='word_1_202' title='bbox 1659 3213 1684 3260; x_wconf 78' lang='lat'>2⁵</span> 
     </span>
     <span class='ocr_line' id='line_1_26' title="bbox 380 3306 1629 3390; baseline -0.002 -18"><span class='ocrx_word' id='word_1_203' title='bbox 380 3306 443 3373; x_wconf 90' lang='lat' dir='ltr'>bus</span> <span class='ocrx_word' id='word_1_204' title='bbox 466 3312 607 3389; x_wconf 84' lang='lat' dir='ltr'>praeerat</span> <span class='ocrx_word' id='word_1_205' title='bbox 639 3307 823 3389; x_wconf 92' lang='lat' dir='ltr'>providens,</span> <span class='ocrx_word' id='word_1_206' title='bbox 858 3325 898 3372; x_wconf 90' lang='lat' dir='ltr'>ne</span> <span class='ocrx_word' id='word_1_207' title='bbox 927 3307 1104 3372; x_wconf 90' lang='lat' dir='ltr'>nobiliores</span> <span class='ocrx_word' id='word_1_208' title='bbox 1137 3307 1253 3390; x_wconf 88' lang='lat' dir='ltr'>qviqve</span> <span class='ocrx_word' id='word_1_209' title='bbox 1281 3311 1316 3371; x_wconf 91' lang='lat' dir='ltr'>et</span> <span class='ocrx_word' id='word_1_210' title='bbox 1339 3307 1546 3388; x_wconf 91' lang='lat' dir='ltr'>potentiores</span> <span class='ocrx_word' id='word_1_211' title='bbox 1569 3324 1629 3388; x_wconf 93' lang='lat' dir='ltr'>per</span> 
     </span>
     <span class='ocr_line' id='line_1_27' title="bbox 380 3411 1629 3495; baseline -0.002 -18"><span class='ocrx_word' id='word_1_212' title='bbox 380 3413 563 3495; x_wconf 89' lang='lat' dir='ltr'>potentiam</span> <span class='ocrx_word' id='word_1_213' title='bbox 603 3412 792 3478; x_wconf 91' lang='lat' dir='ltr'>humiliores</span> <span class='ocrx_word' id='word_1_214' title='bbox 829 3412 1059 3494; x_wconf 89' lang='lat' dir='ltr'>opprimerent,</span> <span class='ocrx_word' id='word_1_215' title='bbox 1098 3411 1189 3494; x_wconf 89' lang='lat' dir='ltr'>leges</span> <span class='ocrx_word' id='word_1_216' title='bbox 1229 3411 1355 3477; x_wconf 90' lang='lat' dir='ltr'>divinas</span> <span class='ocrx_word' id='word_1_217' title='bbox 1396 3416 1430 3476; x_wconf 92' lang='lat' dir='ltr'>et</span> <span class='ocrx_word' id='word_1_218' title='bbox 1468 3412 1629 3477; x_wconf 91' lang='lat' dir='ltr'>humanas</span> 
     </span>
     <span class='ocr_line' id='line_1_28' title="bbox 381 3515 1631 3602; baseline -0.003 -20"><span class='ocrx_word' id='word_1_219' title='bbox 381 3519 484 3584; x_wconf 91' lang='lat' dir='ltr'>multa</span> <span class='ocrx_word' id='word_1_220' title='bbox 505 3516 653 3602; x_wconf 90' lang='lat' dir='ltr'>plenas¹¹</span> <span class='ocrx_word' id='word_1_221' title='bbox 675 3518 836 3599; x_wconf 86' lang='lat' dir='ltr'>sapientia</span> <span class='ocrx_word' id='word_1_222' title='bbox 859 3522 892 3582; x_wconf 94' lang='lat' dir='ltr'>et</span> <span class='ocrx_word' id='word_1_223' title='bbox 912 3517 993 3582; x_wconf 89' lang='lat' dir='ltr'>mira</span> <span class='ocrx_word' id='word_1_224' title='bbox 1015 3517 1191 3598; x_wconf 90' lang='lat' dir='ltr'>dispositas</span> <span class='ocrx_word' id='word_1_225' title='bbox 1215 3516 1414 3581; x_wconf 89' lang='lat' dir='ltr'>discretione</span> <span class='ocrx_word' id='word_1_226' title='bbox 1435 3515 1574 3599; x_wconf 91' lang='lat' dir='ltr'>scripsit</span> <span class='ocrx_word' id='word_1_227' title='bbox 1595 3519 1631 3582; x_wconf 90' lang='lat' dir='ltr'>et</span> 
     </span>
     <span class='ocr_line' id='line_1_29' title="bbox 385 3619 1629 3705; baseline -0.005 -16"><span class='ocrx_word' id='word_1_228' title='bbox 385 3622 619 3705; x_wconf 86' lang='lat' dir='ltr'>promulgavit:</span> <span class='ocrx_word' id='word_1_229' title='bbox 653 3621 691 3686; x_wconf 93' lang='lat' dir='ltr'>In</span> <span class='ocrx_word' id='word_1_230' title='bbox 718 3621 832 3703; x_wconf 89' lang='lat' dir='ltr'>qvibus</span> <span class='ocrx_word' id='word_1_231' title='bbox 861 3640 954 3688; x_wconf 91' lang='lat' dir='ltr'>suurn</span> <span class='ocrx_word' id='word_1_232' title='bbox 983 3622 1097 3702; x_wconf 86' lang='lat' dir='ltr'>cuiqve</span> <span class='ocrx_word' id='word_1_233' title='bbox 1121 3620 1315 3686; x_wconf 89' lang='lat' dir='ltr'>conditionis</span> <span class='ocrx_word' id='word_1_234' title='bbox 1335 3619 1416 3703; x_wconf 75' lang='lat' dir='ltr'>jus¹²</span> <span class='ocrx_word' id='word_1_235' title='bbox 1439 3621 1629 3702; x_wconf 88' lang='lat' dir='ltr'>assignavit.</span> 
     </span>
     <span class='ocr_line' id='line_1_30' title="bbox 387 3725 1689 3808; baseline -0.002 -16"><span class='ocrx_word' id='word_1_236' title='bbox 387 3727 424 3793; x_wconf 91' lang='lat' dir='ltr'>In</span> <span class='ocrx_word' id='word_1_237' title='bbox 457 3726 522 3792; x_wconf 93' lang='lat' dir='ltr'>illis</span> <span class='ocrx_word' id='word_1_238' title='bbox 553 3726 653 3792; x_wconf 90' lang='lat' dir='ltr'>etiam</span> <span class='ocrx_word' id='word_1_239' title='bbox 683 3731 836 3808; x_wconf 83' lang='lat' dir='ltr'>qnantum</span> <span class='ocrx_word' id='word_1_240' title='bbox 863 3727 979 3792; x_wconf 92' lang='lat' dir='ltr'>liceret</span> <span class='ocrx_word' id='word_1_241' title='bbox 1005 3725 1150 3808; x_wconf 79' lang='lat' dir='ltr'>prelatis</span> <span class='ocrx_word' id='word_1_242' title='bbox 1173 3726 1205 3790; x_wconf 94' lang='lat' dir='ltr'>iu</span> <span class='ocrx_word' id='word_1_243' title='bbox 1229 3725 1394 3808; x_wconf 85' lang='lat' dir='ltr'>subjectos</span> <span class='ocrx_word' id='word_1_244' title='bbox 1419 3729 1453 3791; x_wconf 89' lang='lat' dir='ltr'>et</span> <span class='ocrx_word' id='word_1_245' title='bbox 1476 3728 1632 3806; x_wconf 81' lang='lat' dir='ltr'>qvuutam</span> <span class='ocrx_word' id='word_1_246' title='bbox 1664 3732 1689 3780; x_wconf 82' lang='lat'>³⁰</span> 
     </span>
     <span class='ocr_line' id='line_1_31' title="bbox 387 3828 1632 3914; baseline -0.002 -17"><span class='ocrx_word' id='word_1_247' title='bbox 387 3830 527 3914; x_wconf 86' lang='lat' dir='ltr'>subjecti</span> <span class='ocrx_word' id='word_1_248' title='bbox 567 3831 783 3897; x_wconf 84' lang='lat' dir='ltr'>reverentiam</span> <span class='ocrx_word' id='word_1_249' title='bbox 815 3831 1006 3896; x_wconf 84' lang='lat' dir='ltr'>exhiberent</span> <span class='ocrx_word' id='word_1_250' title='bbox 1039 3847 1116 3910; x_wconf 89' lang='lat' dir='ltr'>erga</span> <span class='ocrx_word' id='word_1_251' title='bbox 1147 3829 1312 3911; x_wconf 73' lang='lat' dir='ltr'>prelatos</span> <span class='ocrx_word' id='word_1_252' title='bbox 1347 3830 1446 3895; x_wconf 92' lang='lat' dir='ltr'>certis</span> <span class='ocrx_word' id='word_1_253' title='bbox 1469 3828 1632 3894; x_wconf 87' lang='lat' dir='ltr'>limitibus</span> 
     </span>
     <span class='ocr_line' id='line_1_32' title="bbox 388 3933 1634 4017; baseline -0.003 -16"><span class='ocrx_word' id='word_1_254' title='bbox 388 3935 553 4002; x_wconf 87' lang='lat' dir='ltr'>discrevit.</span> <span class='ocrx_word' id='word_1_255' title='bbox 576 3935 652 4002; x_wconf 77' lang='lat' dir='ltr'>ibi¹³</span> <span class='ocrx_word' id='word_1_256' title='bbox 673 3935 966 4001; x_wconf 72' lang='lat' dir='ltr'>modestissimus1⁴</span> <span class='ocrx_word' id='word_1_257' title='bbox 989 3940 1022 4000; x_wconf 92' lang='lat' dir='ltr'>et</span> <span class='ocrx_word' id='word_1_258' title='bbox 1045 3935 1248 4017; x_wconf 85' lang='lat' dir='ltr'>aeqvissimus</span> <span class='ocrx_word' id='word_1_259' title='bbox 1271 3933 1432 4014; x_wconf 81' lang='lat' dir='ltr'>arbiter¹⁵,</span> <span class='ocrx_word' id='word_1_260' title='bbox 1461 3934 1634 4016; x_wconf 88' lang='lat' dir='ltr'>sapienter</span> 
     </span>
     <span class='ocr_line' id='line_1_33' title="bbox 389 4038 1633 4122; baseline -0.002 -16"><span class='ocrx_word' id='word_1_261' title='bbox 389 4042 609 4121; x_wconf 89' lang='lat' dir='ltr'>considerans,</span> <span class='ocrx_word' id='word_1_262' title='bbox 647 4041 837 4122; x_wconf 89' lang='lat' dir='ltr'>plerumqvc</span> <span class='ocrx_word' id='word_1_263' title='bbox 870 4041 968 4122; x_wconf 91' lang='lat' dir='ltr'>Regis</span> <span class='ocrx_word' id='word_1_264' title='bbox 1000 4042 1166 4122; x_wconf 87' lang='lat' dir='ltr'>potestate</span> <span class='ocrx_word' id='word_1_265' title='bbox 1199 4039 1261 4104; x_wconf 90' lang='lat' dir='ltr'>sibi</span> <span class='ocrx_word' id='word_1_266' title='bbox 1295 4056 1455 4104; x_wconf 90' lang='lat' dir='ltr'>concessa</span> <span class='ocrx_word' id='word_1_267' title='bbox 1487 4038 1633 4122; x_wconf 89' lang='lat' dir='ltr'>superbe</span> 
     </span>
     <span class='ocr_line' id='line_1_34' title="bbox 390 4141 1635 4228; baseline -0.004 -17"><span class='ocrx_word' id='word_1_268' title='bbox 390 4144 481 4211; x_wconf 89' lang='lat' dir='ltr'>abuti</span> <span class='ocrx_word' id='word_1_269' title='bbox 514 4145 547 4209; x_wconf 90' lang='lat' dir='ltr'>in</span> <span class='ocrx_word' id='word_1_270' title='bbox 577 4144 738 4224; x_wconf 88' lang='lat' dir='ltr'>subditos,</span> <span class='ocrx_word' id='word_1_271' title='bbox 773 4144 879 4228; x_wconf 88' lang='lat' dir='ltr'>legum</span> <span class='ocrx_word' id='word_1_272' title='bbox 914 4145 1022 4225; x_wconf 90' lang='lat' dir='ltr'>rigore</span> <span class='ocrx_word' id='word_1_273' title='bbox 1054 4144 1197 4226; x_wconf 88' lang='lat' dir='ltr'>regalem</span> <span class='ocrx_word' id='word_1_274' title='bbox 1231 4143 1376 4211; x_wconf 90' lang='lat' dir='ltr'>coercuit</span> <span class='ocrx_word' id='word_1_275' title='bbox 1398 4149 1432 4209; x_wconf 91' lang='lat' dir='ltr'>et</span> <span class='ocrx_word' id='word_1_276' title='bbox 1453 4141 1635 4210; x_wconf 83' lang='lat' dir='ltr'>refrenavit</span> 
     </span>
    </p>
   </div>
   <div class='ocr_carea' id='block_1_3' title="bbox 388 4347 1641 4774">
    <p class='ocr_par' dir='ltr' id='par_1_5' title="bbox 388 4347 1641 4774">
     <span class='ocr_line' id='line_1_35' title="bbox 458 4347 1635 4430; baseline -0.004 -14"><span class='ocrx_word' id='word_1_277' title='bbox 458 4365 564 4430; x_wconf 77' lang='lat' dir='ltr'>&#39;Regia</span> <span class='ocrx_word' id='word_1_278' title='bbox 582 4365 617 4414; x_wconf 89' lang='lat' dir='ltr'>M.</span> <span class='ocrx_word' id='word_1_279' title='bbox 636 4365 667 4419; x_wconf 92' lang='grc' dir='ltr'>Β.</span> <span class='ocrx_word' id='word_1_280' title='bbox 710 4365 808 4430; x_wconf 66' lang='lat' dir='ltr'>’mgb</span> <span class='ocrx_word' id='word_1_281' title='bbox 826 4367 856 4421; x_wconf 92' lang='lat' dir='ltr'>B.</span> <span class='ocrx_word' id='word_1_282' title='bbox 904 4365 1030 4416; x_wconf 73' lang='lat' dir='ltr'>⁸tautum</span> <span class='ocrx_word' id='word_1_283' title='bbox 1048 4367 1078 4419; x_wconf 94' lang='grc' dir='ltr'>Β,</span> <span class='ocrx_word' id='word_1_284' title='bbox 1121 4363 1182 4419; x_wconf 78' lang='lat' dir='ltr'>⁴A.</span> <span class='ocrx_word' id='word_1_285' title='bbox 1201 4366 1355 4416; x_wconf 79' lang='lat' dir='ltr'>constitutus</span> <span class='ocrx_word' id='word_1_286' title='bbox 1374 4347 1479 4428; x_wconf 80' lang='lat' dir='ltr'>fastigio</span> <span class='ocrx_word' id='word_1_287' title='bbox 1497 4365 1528 4418; x_wconf 87' lang='grc' dir='ltr'>Β,</span> <span class='ocrx_word' id='word_1_288' title='bbox 1574 4363 1635 4412; x_wconf 81' lang='lat'>⁶13.</span> 
     </span>
     <span class='ocr_line' id='line_1_36' title="bbox 388 4451 1636 4520; baseline -0.002 -16"><span class='ocrx_word' id='word_1_289' title='bbox 388 4451 513 4518; x_wconf 83' lang='lat' dir='ltr'>vigilante</span> <span class='ocrx_word' id='word_1_290' title='bbox 531 4459 565 4508; x_wconf 82' lang='lat' dir='ltr'>A.</span> <span class='ocrx_word' id='word_1_291' title='bbox 613 4452 731 4518; x_wconf 72' lang='lat' dir='ltr'>‘gerens</span> <span class='ocrx_word' id='word_1_292' title='bbox 749 4457 780 4509; x_wconf 90' lang='lat' dir='ltr'>B.</span> <span class='ocrx_word' id='word_1_293' title='bbox 824 4455 923 4506; x_wconf 73' lang='lat' dir='ltr'>&#39;verbi</span> <span class='ocrx_word' id='word_1_294' title='bbox 941 4454 1024 4518; x_wconf 80' lang='lat' dir='ltr'>gratia</span> <span class='ocrx_word' id='word_1_295' title='bbox 1041 4453 1201 4517; x_wconf 80' lang='lat' dir='ltr'>passionibus</span> <span class='ocrx_word' id='word_1_296' title='bbox 1218 4455 1248 4507; x_wconf 90' lang='grc' dir='ltr'>Β,</span> <span class='ocrx_word' id='word_1_297' title='bbox 1302 4451 1377 4503; x_wconf 69' lang='lat' dir='ltr'>⁸her</span> <span class='ocrx_word' id='word_1_298' title='bbox 1393 4453 1524 4520; x_wconf 83' lang='lat' dir='ltr'>begyndar</span> <span class='ocrx_word' id='word_1_299' title='bbox 1541 4453 1636 4502; x_wconf 82' lang='lat' dir='ltr'>Lectio</span> 
     </span>
     <span class='ocr_line' id='line_1_37' title="bbox 389 4540 1636 4610; baseline -0.003 -18"><span class='ocrx_word' id='word_1_300' title='bbox 389 4541 431 4592; x_wconf 91' lang='lat'>111</span> <span class='ocrx_word' id='word_1_301' title='bbox 448 4543 457 4592; x_wconf 95' lang='lat' dir='ltr'>i</span> <span class='ocrx_word' id='word_1_302' title='bbox 474 4543 505 4597; x_wconf 88' lang='lat' dir='ltr'>B.</span> <span class='ocrx_word' id='word_1_303' title='bbox 549 4541 641 4605; x_wconf 72' lang='lat' dir='ltr'>&#39;angl</span> <span class='ocrx_word' id='word_1_304' title='bbox 658 4543 689 4592; x_wconf 92' lang='lat' dir='ltr'>B.</span> <span class='ocrx_word' id='word_1_305' title='bbox 734 4543 758 4572; x_wconf 88' lang='lat'>¹⁰</span> <span class='ocrx_word' id='word_1_306' title='bbox 774 4544 821 4592; x_wconf 89' lang='lat' dir='ltr'>har·</span> <span class='ocrx_word' id='word_1_307' title='bbox 837 4543 967 4610; x_wconf 80' lang='lat' dir='ltr'>begyndar</span> <span class='ocrx_word' id='word_1_308' title='bbox 983 4543 1014 4596; x_wconf 86' lang='lat' dir='ltr'>L.</span> <span class='ocrx_word' id='word_1_309' title='bbox 1032 4540 1070 4591; x_wconf 87' lang='lat' dir='ltr'>IV</span> <span class='ocrx_word' id='word_1_310' title='bbox 1088 4542 1097 4590; x_wconf 92' lang='lat' dir='ltr'>i</span> <span class='ocrx_word' id='word_1_311' title='bbox 1115 4543 1145 4594; x_wconf 87' lang='grc' dir='ltr'>Β.</span> <span class='ocrx_word' id='word_1_312' title='bbox 1192 4541 1212 4571; x_wconf 81' lang='lat'>¹¹</span> <span class='ocrx_word' id='word_1_313' title='bbox 1230 4541 1309 4605; x_wconf 87' lang='lat' dir='ltr'>plena</span> <span class='ocrx_word' id='word_1_314' title='bbox 1325 4542 1356 4594; x_wconf 86' lang='lat' dir='ltr'>B.</span> <span class='ocrx_word' id='word_1_315' title='bbox 1394 4540 1417 4570; x_wconf 75' lang='lat'>¹²</span> <span class='ocrx_word' id='word_1_316' title='bbox 1433 4542 1464 4591; x_wconf 80' lang='lat' dir='ltr'>A.</span> <span class='ocrx_word' id='word_1_317' title='bbox 1480 4540 1523 4606; x_wconf 83' lang='lat' dir='ltr'>jus</span> <span class='ocrx_word' id='word_1_318' title='bbox 1542 4541 1636 4604; x_wconf 85' lang='lat' dir='ltr'>cuique</span> 
     </span>
     <span class='ocr_line' id='line_1_38' title="bbox 389 4627 1641 4694; baseline -0.002 -15"><span class='ocrx_word' id='word_1_319' title='bbox 389 4629 530 4681; x_wconf 86' lang='lat' dir='ltr'>conditioni</span> <span class='ocrx_word' id='word_1_320' title='bbox 547 4631 578 4679; x_wconf 92' lang='lat' dir='ltr'>B.</span> <span class='ocrx_word' id='word_1_321' title='bbox 620 4629 644 4660; x_wconf 78' lang='lat'>¹³</span> <span class='ocrx_word' id='word_1_322' title='bbox 660 4629 722 4694; x_wconf 79' lang='lat' dir='ltr'>nngl.</span> <span class='ocrx_word' id='word_1_323' title='bbox 740 4632 770 4680; x_wconf 89' lang='lat' dir='ltr'>B.</span> <span class='ocrx_word' id='word_1_324' title='bbox 822 4629 844 4661; x_wconf 87' lang='lat'>¹⁴</span> <span class='ocrx_word' id='word_1_325' title='bbox 861 4631 1054 4681; x_wconf 80' lang='lat' dir='ltr'>motastiorimua</span> <span class='ocrx_word' id='word_1_326' title='bbox 1072 4631 1102 4684; x_wconf 86' lang='lat' dir='ltr'>B.</span> <span class='ocrx_word' id='word_1_327' title='bbox 1154 4630 1176 4662; x_wconf 83' lang='lat'>¹⁶</span> <span class='ocrx_word' id='word_1_328' title='bbox 1193 4629 1240 4680; x_wconf 88' lang='lat' dir='ltr'>har</span> <span class='ocrx_word' id='word_1_329' title='bbox 1257 4630 1373 4680; x_wconf 61' lang='lat' dir='ltr'>sundran</span> <span class='ocrx_word' id='word_1_330' title='bbox 1389 4631 1422 4692; x_wconf 88' lang='lat' dir='ltr'>B,</span> <span class='ocrx_word' id='word_1_331' title='bbox 1446 4630 1479 4680; x_wconf 89' lang='lat' dir='ltr'>da</span> <span class='ocrx_word' id='word_1_332' title='bbox 1495 4629 1593 4679; x_wconf 78' lang='lat' dir='ltr'>Baeton</span> <span class='ocrx_word' id='word_1_333' title='bbox 1613 4627 1641 4676; x_wconf 86' lang='lat' dir='ltr'>nl</span> 
     </span>
     <span class='ocr_line' id='line_1_39' title="bbox 388 4717 702 4774; baseline 0.003 -7"><span class='ocrx_word' id='word_1_334' title='bbox 388 4717 482 4769; x_wconf 86' lang='lat' dir='ltr'>Bladat</span> <span class='ocrx_word' id='word_1_335' title='bbox 500 4733 547 4768; x_wconf 87' lang='lat' dir='ltr'>var</span> <span class='ocrx_word' id='word_1_336' title='bbox 561 4719 702 4774; x_wconf 85' lang='lat' dir='ltr'>bortravet.</span> 
     </span>
    </p>
   </div>
   <div class='ocr_carea' id='block_1_4' title="bbox 0 0 1729 5428">
    <p class='ocr_par' dir='ltr' id='par_1_6' title="bbox 0 0 1729 5428">
     <span class='ocr_line' id='line_1_40' title="bbox 0 0 1729 5428; baseline 0 0"><span class='ocrx_word' id='word_1_337' title='bbox 0 0 1729 5428; x_wconf 95' lang='lat' dir='ltr'> </span> 
     </span>
    </p>
   </div>
  </div>
 </body>
</html>
