3524 5424
303 483 473 538 HISTORIA
491 485 540 537 DE
557 483 811 548 Ammontem
827 484 956 540 BEGUH
974 483 1292 570 ttonwsomntsmnt
1374 482 1414 547 59

173 667 258 749 Wic,
281 667 429 750 sepultus
451 625 664 732 vero'iertur
684 667 717 731 in
737 666 897 749 predicta
919 666 1062 752 ecclesio
1082 665 1295 742 Nidrosieusi,
1318 683 1415 748 quum

173 773 247 854 ipse
271 774 504 838 construxerat.

133 1041 140 1050 ,
176 978 255 1060 Ocp.
284 977 382 1044 XXX.
438 978 488 1041 De
522 976 641 1056 Magno
674 975 814 1041 beriort¹
848 981 882 1040 et
913 976 1035 1040 mentio
1070 976 1111 1041 de
1138 976 1308 1058 prodigiis,
1342 993 1415 1057 qum
1466 1007 1475 1022 ·

521 1087 762 1162 precesserunt
782 1085 918 1146 mortem
943 1078 1062 1144 Coreli.

124 1263 140 1309 ⁵
263 1251 348 1316 Hui‘c
375 1249 535 1316 successit
561 1249 698 1332 Magnus
727 1248 811 1314 filius
841 1248 910 1330 ejus
933 1247 1172 1314 exconcubina
1194 1251 1300 1326 nutus,
1325 1248 1415 1329 quus

175 1371 355 1436 cognomen
389 1353 576 1436 nudipes.
627 1353 688 1420 Hic
711 1353 972 1434 regnavitannis
998 1351 1120 1432 decem,
1150 1369 1286 1432 quorum
1318 1369 1416 1416 unum

175 1459 272 1524 simul
294 1477 367 1524 cum
389 1455 455 1526 filio
478 1458 628 1546 avunculi
651 1459 711 1537 sui,
735 1457 857 1522 Hucou.
912 1457 974 1522 Hic
1004 1457 1127 1534 Hucon,
1158 1456 1287 1538 juvenis
1319 1456 1414 1520 boum

175 1562 302 1642 indolis,
324 1563 448 1629 tributa
470 1567 605 1630 catenus
627 1563 750 1646 injuste
782 1561 937 1644 impositu
965 1579 984 1626 u
1014 1560 1139 1626 cervice
1163 1559 1414 1644 comprovincia-

175 1668 254 1739 lium
288 1666 464 1732 abstulisse
492 1657 659 1747 laudatum
693 1672 811 1750 postea
844 1668 1017 1732 immatura
1049 1670 1154 1730 morte
1185 1683 1223 1729 cx
1252 1664 1313 1730 hac
1343 1662 1415 1728 luce

102 1781 137 1825 10
176 1773 363 1860 subtrcctus
376 1771 492 1852 Magno
512 1773 670 1856 auunculo
691 1789 750 1838 suo
770 1772 902 1853 reliquit
920 1788 1063 1850 regnum,
1081 1770 1135 1851 qui
1152 1767 1283 1850 prefuit
1298 1772 1415 1851 posteo

176 1877 270 1942 aunis
292 1867 416 1943 nouem.
466 1863 528 1944 Hic
549 1877 684 1958 Magnus
706 1878 791 1960 patri
813 1876 949 1942 multum
972 1873 1139 1945 dissimilis
1169 1872 1325 1952 moribus,
1354 1890 1413 1937 avo

176 1999 235 2048 suo
258 1980 401 2048 Hurcldo
424 1981 527 2062 magis
549 1981 612 2047 fuit
634 1979 830 2048 conminist
874 1981 917 2046 Et
944 1981 1020 2061 quia
1040 1976 1139 2060 paulo
1163 1977 1313 2059 superius
1337 1977 1416 2044 ieci-

180 2104 266 2170 mus
283 2086 489 2165 mentionem,
515 2073 653 2152 eundem
681 2085 859 2152 Haraldum
883 2086 923 2150 de
951 2101 1035 2167 equo
1065 2083 1227 2149 corruisse
1249 2086 1282 2148 ct
1305 2082 1338 2145 in
1360 2081 1416 2146 illo

178 2209 258 2256 casu
291 2193 427 2257 mortem
463 2191 532 2272 ejus
567 2189 806 2273 praefiguratam
836 2189 948 2269 fuisse,
980 2188 1061 2254 libet
1092 2187 1206 2270 paucis
1237 2186 1417 2265 absolvere,

104 2300 139 2347 1⁵
179 2313 251 2378 quae
273 2293 423 2378 prodigia
444 2295 676 2376 precesserint
705 2291 831 2361 casum³
859 2293 1120 2361 victoriosissimi
1142 2297 1176 2358 et
1197 2293 1282 2357 inter
1302 2291 1419 2373 praeci-

178 2418 263 2483 puos
285 2400 373 2465 uiros
395 2399 660 2482 prestantissimi
682 2400 742 2465 viri
765 2398 875 2465 Caroli
897 2399 1014 2480 magni.
1065 2397 1208 2464 Primum
1236 2393 1419 2478 prodigium

178 2503 239 2570 fuit
269 2518 353 2586 pons
378 2503 565 2588 Magontim,
599 2505 686 2569 ultra
715 2505 864 2571 Rhenum
893 2502 1030 2568 firmiter
1060 2505 1273 2581 constructus,
1307 2500 1353 2567 itu
1380 2504 1419 2565 ut

175 2613 336 2691 perpetuo
361 2608 477 2674 durare
509 2612 689 2691 putaretur,
722 2627 782 2691 per
813 2607 902 2672 octo⁴
925 2624 1026 2674 annos
1048 2606 1244 2672 fabricatus:
1280 2623 1417 2686 cumque

173 2715 240 2796 jum
271 2717 358 2780 esset
389 2719 638 2808 consummatus,
673 2716 838 2781 contracta
871 2711 957 2780 nube
990 2729 1088 2793 super
1114 2715 1250 2792 pontem
1279 2727 1318 2775 eo
1341 2709 1414 2791 ipso

104 2823 144 2868 20
180 2817 232 2884 die
262 2818 384 2884 fulmen
415 2818 546 2885 emicuit
574 2823 746 2900 totumquo
774 2816 958 2896 combussit,
986 2817 1033 2882 ita
1054 2818 1091 2881 ut
1113 2833 1173 2881 nec
1194 2813 1327 2879 hastula
1349 2813 1418 2895 qui-

178 2925 250 2989 dem
284 2941 384 3004 super
414 2941 530 3005 squam
564 2928 759 2996 remuneret.
815 2923 997 2989 Secundum
1031 2922 1093 2987 fuit
1126 2919 1270 3002 porticus
1300 2919 1418 3008 ingens

176 3028 371 3110 Aquisgroni
401 3028 485 3094 inter
513 3027 678 3094 basilicum
708 3033 741 3094 st
769 3028 933 3110 palatium,
958 3046 1029 3109 qum
1052 3045 1124 3092 cum
1147 3025 1217 3107 ipse
1240 3025 1418 3106 imperator

179 3132 232 3198 die
256 3132 417 3199 dominica
440 3132 639 3214 superiorem
663 3133 832 3198 ecclesiam
856 3132 957 3200 vellet
975 3133 1113 3210 intrare
1131 3134 1208 3194 ante
1226 3127 1328 3210 pedes
1349 3129 1418 3210 ejus

177 3241 248 3302 tota
278 3253 384 3318 usque
416 3237 456 3302 ad
485 3242 606 3303 terram
638 3237 782 3320 collapsa
812 3240 874 3302 est.
927 3236 1069 3301 Tertium
1093 3235 1154 3300 fuit
1175 3250 1292 3299 nomen
1314 3233 1418 3316 ipsius

248 3421 353 3476 'Asu
390 3425 470 3476 ²As.
490 3425 616 3476 coufirmis
635 3423 662 3488 (1)
682 3421 713 3472 K.
752 3421 824 3474 ³As.
843 3424 961 3475 occasum
978 3425 1011 3476 K.
1045 3419 1122 3474 ‘As
1141 3423 1166 3472 K
1186 3421 1279 3473 tilfuier
1297 3423 1304 3469 i
1322 3421 1422 3470 Texten

181 3511 215 3570 (Δ
233 3515 241 3562 1
260 3511 391 3569 Bendom:
412 3513 560 3586 (sigibertus
579 3511 745 3575 perdecem).

265 3707 292 3762 3.
336 3695 468 3780 herfort]
510 3724 544 3763 er
582 3703 726 3762 Skrivieil
754 3705 803 3762 ior
831 3703 950 3761 bei-fotu
976 3703 1051 3760 ellos·
1080 3702 1377 3780 rettere·berf9ttr;
1410 3701 1420 3758 i

178 3811 294 3868 Texteu
316 3808 425 3868 kuldes
448 3809 508 3866 hou
530 3809 717 3884 nudipes.
761 3863 764 3868 .

259 3916 293 3973 ,5.
337 3905 425 3986 Huic]
465 3913 520 3970 cfr.
561 3892 659 3987 Agrip
684 3913 823 3972 72—73:
868 3913 936 3972 Eun
970 3912 1026 3970 hor
1060 3911 1138 3970 efter
1172 3911 1249 3986 otigr
1281 3908 1419 3986 Mmgnus

180 4019 328 4077 berbeinn
360 4010 528 4092 (berleggr)
560 4035 633 4074 sum·
660 4017 736 4074 hans
765 4018 812 4074 til.
829 4017 914 4076 rikis.
938 4017 1019 4075 huon
1041 4034 1095 4073 ver
1116 4013 1155 4088 bo
1176 4015 1286 4088 nulogu
1306 4015 1434 4088 tvitvgr*

180 4141 214 4180 er
235 4122 316 4181 honn
346 4119 397 4181 too
419 4124 559 4198 konuugs
588 4121 681 4178 noinn
705 4119 783 4178 efter
804 4121 893 4198 febor
918 4122 995 4179 sinn.
1020 4139 1056 4178 oc
1077 4119 1183 4176 Hoeon
1203 4116 1314 4177 frmndi
1341 4116 1417 4190 huus

181 4245 292 4285 onnorr
314 4247 348 4286 er
374 4227 580 4304 Stoiguuborir
601 4225 685 4299 hospi
708 4230 739 4282 ot
771 4225 849 4300 fulba
879 4243 942 4283 som
975 4223 1068 4300 sugbo
1090 4224 1163 4281 fvrr.
1187 4223 1267 4281 houm
1290 4240 1345 4279 var
1368 4221 1419 4279 uel

180 4329 363 4407 holfbritogr
396 4330 445 4405 bu.
479 4351 516 4389 oo
544 4328 625 4388 usuro
649 4332 720 4388 sinu
741 4334 809 4388 veto
830 4329 919 4404 bobis
942 4324 1070 4401 (Rostsn
1094 4328 1173 4418 efter
1195 4345 1232 4386 eu
1256 4325 1419 4414 ufuigendo

182 4429 295 4511 Kilde).

268 4540 315 4597 11.
363 4539 418 4597 Hic
450 4529 595 4615 Magnus]
631 4539 685 4596 cfr·
719 4523 819 4614 Agrip
855 4541 911 4596 79:
947 4557 983 4596 oc
1022 4555 1077 4595 vui·
1108 4535 1192 4610 mohs
1223 4535 1349 4592 herscior
1383 4551 1419 4591 oc

182 4641 275 4702 rmscr
296 4663 342 4704 oo
356 4645 515 4702 storfsumr
537 4663 573 4701 oc
593 4643 688 4701 licore
710 4644 720 4699 i
742 4643 809 4702 cillo
832 4641 958 4706 Horoldi
989 4640 1146 4720 folcoufefur
1169 4641 1267 4703 ninom
1294 4641 1304 4701 i
1333 4655 1419 4718 scup-

189 4747 273 4806 101011
295 4747 385 4809 1001010
406 4767 464 4808 suu
487 4746 575 4825 feben
598 4748 705 4806 sinem.
751 4767 754 4774 ·
