3524 5424
619 419 791 473 ulssoslu
803 375 1029 472 bORWfflAE.
1389 418 1429 478 95

197 623 286 670 mere
319 621 410 668 mors
443 602 545 683 euripi
578 600 755 666 inestusre
789 617 826 664 ac
859 599 951 678 quasi
984 597 1123 664 cacabus
1159 595 1285 662 tersere
1314 599 1431 680 coepit,

197 709 275 772 duur
295 712 384 772 torre
405 705 577 772 edhiscens
601 705 641 770 eb
662 707 728 769 imo
750 704 1431 784 ignivomosvaporee-moncemqns1meg-

197 829 272 878 num
293 811 389 876 undis
412 813 629 891 emergentem
655 827 693 876 ex
716 826 753 874 se
775 806 936 889 produxit
981 805 1076 883 Quod
1097 807 1207 872 multis
1229 811 1363 874 monstri
1387 811 1430 874 si·
1475 843 1481 856 ι

197 914 288 982 mile²
313 915 454 994 videtur,
483 913 694 980 mundumve⁸
724 914 805 978 mira
826 902 1035 993 portendere*
1065 911 1189 978 velsui
1210 913 1378 978 interitum
1399 914 1431 980 in

196 1020 317 1088 talibus
338 1019 546 1101 praefigurare
567 1019 758 1100 conjectent,
783 1035 855 1082 cum
879 1017 1040 1082 elementa
1056 1016 1262 1082 inevitabiles
1282 1035 1431 1084 accessus

197 1129 231 1190 et
253 1123 418 1188 naturales
443 1127 558 1204 snspts
581 1121 715 1203 sponset
737 1125 890 1186 exercent
911 1125 1028 1186 motus.
1072 1120 1164 1184 Dixit
1182 1138 1322 1203 nemque
1346 1122 1429 1190 Soli·

183 1247 257 1294 nus
279 1229 312 1294 iu
344 1228 427 1293 libro
457 1245 527 1307 suo,
559 1243 654 1308 quem
686 1226 726 1290 de
756 1225 866 1292 mundi
889 1223 1091 1290 mirabilibus
1116 1225 1255 1307 scripsit,
1278 1227 1432 1310 abyssum

197 1332 479 1414 profundissimum
501 1332 534 1396 in
556 1333 629 1413 ipse
651 1333 738 1396 terre
768 1330 909 1394 existere
932 1329 1031 1408 (unde
1053 1329 1208 1410 scriptum
1231 1335 1298 1397 est:
1320 1331 1431 1412 rupti

197 1442 286 1502 sunt
307 1435 442 1515 tontes
464 1435 600 1516 abyssi
623 1437 791 1512 megum),
816 1434 909 1514 justu
928 1451 1027 1514 quem
1049 1433 1220 1512 speluncas
1242 1436 1432 1517 propatulus

197 1547 311 1606 ventos
327 1540 478 1621 equetics
491 1539 669 1621 spiratione
688 1541 863 1620 conceptos
885 1537 918 1600 in
937 1553 975 1602 se
993 1537 1168 1617 continere,
1192 1539 1246 1621 qui
1269 1545 1346 1605 sunt
1367 1541 1433 1622 spl-

195 1647 278 1710 ritus
289 1639 515 1727 procellarum.
559 1642 602 1708 Hi
619 1659 696 1707 sero
715 1641 803 1706 venti
816 1659 876 1706 sua
888 1641 1068 1723 spiratione
1086 1660 1146 1722 per
1168 1644 1314 1709 occultos
1334 1650 1431 1710 terres

197 1727 325 1816 meatus
347 1766 448 1830 eques
474 1746 573 1813 meris
603 1747 644 1810 ad
666 1764 704 1810 se
726 1745 922 1810 sonuerunt
945 1749 981 1811 et
999 1745 1032 1810 in
1054 1745 1227 1812 thesauros
1251 1748 1361 1830 ehyssi
1382 1767 1432 1814 re-

249 1919 376 1972 ¹montem
388 1919 435 1970 Gd.
463 1916 590 1969 ²sileCd.
620 1910 994 1978 ⁸mundnnrue(ellerne)()d.
1021 1896 1294 1982 '‘ltprotendcrecd.
1322 1916 1432 1972 “induat

196 2075 293 2134 komit
322 2073 360 2132 ef
376 2073 607 2148 sldsgsnginum
630 2071 710 2131 stdrt
728 2071 804 2146 ijelh
827 2091 864 2130 sn
888 2076 980 2129 annot
1002 2071 1081 2130 sokk
1100 2071 1167 2130 nior
1188 2075 1199 2130 i
1222 2073 1349 2146 stedinn,
1381 2074 1434 2148 bet

198 2197 232 2238 er
253 2192 317 2255 upp
339 2179 410 2236 lrorn
426 2177 443 2234 d
464 2178 561 2252 iyrstu
585 2177 650 2234 med
672 2183 759 2235 shmu
782 2179 877 2251 greio.
1292 2163 1293 2168 ’

285 2287 310 2341 1.
351 2273 496 2358 euripus]
524 2290 556 2328 0²
586 2285 692 2356 trangt
714 2281 807 2351 Sonti,
843 2282 919 2339 hvor
942 2280 997 2338 der
1019 2298 1093 2356 gear
1114 2282 1209 2342 steerls
1231 2282 1342 2356 Strum,
1366 2285 1432 2343 sml.

195 2389 288 2448 Bedes
312 2387 350 2446 ds
371 2393 544 2461 temporum
567 2387 684 2444 ratione
708 2385 783 2461 Cep.
807 2388 863 2444 28:
887 2386 995 2461 Euripi
1016 2387 1107 2444 etism
1128 2389 1160 2444 in
1181 2392 1340 2464 utramque
1364 2403 1433 2463 per·

195 2496 258 2551 tom
281 2493 364 2550 soliti
392 2496 462 2548 sunt
494 2491 621 2567 proprie
642 2490 754 2547 leniter
774 2488 891 2547 fluente
913 2495 1090 2548 convertere
1113 2491 1234 2568 reliquo
1256 2496 1338 2551 omni
1359 2499 1434 2551 tem·

195 2613 289 2672 pore:
322 2615 389 2654 cum
421 2613 493 2654 vero
525 2595 769 2671 lune-nascitur
797 2593 881 2652 nullo
915 2595 1004 2652 modo
1033 2600 1164 2670 possunt
1186 2599 1355 2672 quiescere,
1379 2598 1434 2656 sod

196 2701 367 2760 vehementi
388 2701 510 2757 fervore
550 2717 685 2774 semper.
704 2703 882 2769 exaestuant,
906 2699 1012 2768 ,donec
1039 2701 1113 2757 luna
1139 2720 1246 2759 rursus
1275 2707 1433 2778 appareat,

198 2805 380 2864 seditionem
397 2778 561 2863 ‘commotis
580 2803 755 2862 turbinibus
779 2803 918 2862 allatura.

285 2914 310 2968 l.
356 2905 500 2979 cacabus]
526 2927 570 2984 gr.
592 2891 767 2978 κάκκαβος,
791 2908 902 2980 Gryde.

283 3018 310 3072 7.
355 3014 478 3073 Solinus
500 3015 532 3070 in
554 3013 634 3071 libro
658 3003 726 3087 suo]
760 3013 842 3071 Fors.
867 3014 922 3071 har
949 3031 1050 3089 nappe
1077 3015 1162 3072 leant
1195 3016 1278 3075 dette
1314 3015 1433 3074 direkte
1547 3000 1550 3007 ¹

196 3119 245 3177 fra
267 3119 400 3178 Solinus.
443 3112 516 3177 Man
549 3117 764 3200 semmenligns
788 3109 922 3175 Solinus'
956 3116 1020 3175 Ord
1051 3113 1160 3191 (mu,
1192 3115 1330 3192 20-sll
1364 3122 1434 3179 med

198 3223 415 3299 strlgivelssn
436 3223 494 3280 hos
524 3223 626 3280 Isidor
648 3217 707 3293 (De
737 3225 847 3280 nature
874 3225 975 3279 rerum
1003 3219 1072 3294 xm).
1119 3224 1258 3282 Solinnsr
1294 3225 1434 3298 „Physici

197 3331 283 3386 aiunt
304 3327 447 3386 mundum
482 3327 591 3385 enimsi
620 3345 690 3390 esse
719 3344 847 3401 eumque
878 3345 915 3383 ex
941 3328 1034 3384 variis
1058 3328 1275 3386 elementorum
1299 3332 1433 3404 cerpori-

197 3433 255 3490 bus
284 3432 498 3507 conglobstum
525 3431 639 3488 moveri
669 3432 789 3506 spiritu,
822 3431 888 3504 regi
919 3435 1036 3488 mente:
1074 3451 1140 3507 qum
1168 3438 1300 3508 utraque
1324 3434 1435 3492 diffuse

196 3555 255 3611 per
272 3536 528 3594 membre·emnia
558 3537 679 3592 aeternoe
710 3534 797 3592 molis
828 3536 962 3608 vigorem
990 3541 1160 3594 exerceant.
1206 3539 1284 3596 Sunt
1306 3557 1379 3614 ergo
1401 3540 1433 3596 in
1544 3559 1547 3566 ’

104 3701 108 3706 ,
199 3639 380 3715 corporibus
413 3641 527 3698 nostris
558 3639 748 3710 commercia,
777 3641 848 3695 sunt
871 3640 1029 3713 spiritalis,
1059 3643 1103 3698 ite
1128 3643 1158 3697 in
1181 3642 1343 3716 profundis
1367 3662 1434 3701 ooc-

199 3745 248 3802 sni
269 3753 358 3801 neres
383 3743 530 3820 quasdem
549 3743 655 3800 mnndi
678 3743 870 3813 constitutas,
901 3761 957 3818 per
986 3761 1062 3818 ques
1086 3745 1189 3802 emissi
1211 3745 1364 3816 anhelitus
1387 3748 1435 3806 vel

124 3850 130 3858 '
197 3849 318 3906 reducti
329 3845 652 3917 modoefflentmaris‚
675 3846 765 3904 modo
787 3843 962 3906 revocent“.
1004 3847 1119 3908 Isidore
1144 3847 1225 3918 „Gur
1248 3868 1381 3908 oceanus
1402 3852 1434 3908 in

198 3971 235 4011 se
255 3953 422 4028 reciprocis
458 3951 592 4010 sestihns
606 3948 788 4022 revertetur,
822 3950 999 4027 philosophi
1020 3952 1176 4023 mnndum,
1209 3954 1244 4010 nt
1274 3957 1317 4011 eit
1340 3955 1433 4014 Soli·

197 4075 279 4129 nus,
302 4075 348 4122 ex,
368 4060 499 4132 quatuor
529 4055 688 4116 elementis
720 4055 808 4130 qussi
831 4054 987 4130 quoddsrn
1009 4057 1120 4113 animal
1142 4075 1210 4114 esse
1232 4057 1341 4114 dicum
1363 4077 1433 4116 con-

199 4165 315 4221 cretum
334 4161 510 4236 mouerique
542 4159 673 4234 quodum
695 4160 810 4234 spiritu·
828 4161 861 4216 et
884 4159 964 4226 sicut
985 4161 1016 4216 in
1039 4160 1220 4236 oorpcrihus
1242 4164 1357 4220 nostris
1387 4181 1434 4219 re·

197 4265 338 4339 spir-endi
359 4263 512 4322 hsbentnr
532 4264 720 4334 commercia,
754 4265 799 4321 ite
825 4265 861 4320 iu
879 4264 1041 4338 profundis
1061 4267 1168 4322 oceani
1190 4283 1260 4323 esse
1284 4265 1433 4340 quosdam

197 4373 316 4426 mestus
339 4371 499 4427 ventor-nin
522 4367 616 4426 veluti
647 4368 751 4426 mundi
772 4385 873 4443 neres,
904 4387 967 4443 perv
984 4385 1059 4443 qnos
1083 4371 1186 4426 omissi
1208 4369 1363 4426 anhelitus
1387 4369 1434 4426 vel

198 4474 326 4531 retrsoti
347 4473 464 4532 alterno
487 4489 615 4530 accessu
644 4490 846 4547 recessuque,
869 4491 950 4528 nuuc
981 4476 1166 4546 evsporunte
1197 4473 1309 4547 spiritu
1330 4471 1435 4536 efflent

199 4579 303 4651 meria,
326 4593 406 4633 nuno
428 4577 603 4634 retrshemte
625 4577 739 4650 spiritu
761 4571 940 4633 reduosnt“·.

285 4683 313 4738 8.
359 4671 590 4756 scriptumest]
616 4679 801 4738 seoronfm·
824 4679 854 4737 S.
879 4670 941 4740 32⁵.
